4142 6184
156 305 225 368 bib
822 310 867 367 DE
886 307 966 369 Rin
987 310 1125 371 STlthb.
1760 318 1812 375 tts

174 424 430 501 npssnteterrent.
442 425 470 482 id
482 440 565 483 unum
574 422 626 481 lroc
638 425 665 482 in
676 426 737 483 loco
750 426 898 483 observare
911 442 957 482 eo·
971 429 1090 498 Aoniam
1104 427 1185 484 etiam
1209 428 1374 485 munitionis.
1399 428 1515 485 Proinde
1528 443 1588 485 eam
1601 443 1709 502 operam
1724 429 1807 488 dede·

168 502 207 567 ui,
221 499 291 555 idem
306 499 397 554 valere
407 498 477 567 apud
490 496 654 567 gramaticus
665 499 812 567 scriptores
824 499 850 553 iu
867 499 960 554 rtatim
1011 506 1075 553 runt
1089 499 1167 568 periti
1178 499 1452 568 imperatores‚etiam
1464 500 1490 555 in
1503 500 1600 556 castris
1614 502 1804 568 tnnrultuariis,

154 574 213 626 situ
237 569 395 636 Drierrtem,
417 569 489 640 quand
512 568 644 623 inmobili
664 570 781 633 bostem;
804 568 961 639 utproiude
1011 581 1132 624 utunum
1147 569 1243 626 saltem
1258 580 1409 626 castrorum
1438 581 1538 626 metam
1560 571 1657 626 barrius
1682 571 1805 628 allueret.

154 644 360 710 oucmtimttem
372 641 398 695 in
412 641 504 695 natiso
515 638 568 694 situ
578 638 680 695 ortensi
689 639 872 705 obverterent,
884 655 959 696 eum·
1011 638 1040 694 in
1054 641 1151 696 statiuis
1165 651 1254 696 autem
1265 643 1361 697 castris
1374 641 1572 712 limitaneisque
1582 683 1590 707 ,
1601 658 1715 714 quorum
1728 654 1756 700 et
1768 645 1807 700 lo-

154 711 220 769 dem
233 724 326 768 essent
339 712 458 766 mobilem
469 711 539 766 laosti
554 709 706 765 obversari.
1009 725 1061 767 cus
1085 722 1175 783 posset
1188 712 1268 783 eligi,
1291 728 1404 782 opumque
1427 714 1487 784 ipsa
1509 712 1675 768 delensionis
1698 717 1806 783 potios,

193 784 208 855 5
226 784 272 840 ii.
282 782 320 840 lm
334 783 526 854 intelligemus,
539 795 619 851 quam
631 781 780 852 posituram
794 780 960 839 obtimrerint
1009 796 1090 852 quam
1103 784 1311 852 oppugnationis
1318 798 1398 839 caussa
1412 784 1603 850 conderentur,
1613 784 1639 839 id
1650 785 1809 842 observasse

154 854 186 910 in
199 855 332 911 castrensi
345 855 484 923 disciplina
502 852 591 924 Stripa
610 862 690 922 atque
700 868 843 908 scamnum.
857 853 958 923 Agrum
1009 863 1128 917 veteres,
1144 863 1187 909 est
1198 856 1288 909 adiroc
1300 857 1379 924 longe
1392 854 1574 910 verisimilius.
1590 855 1659 911 Sunt
1669 856 1741 911 enim
1754 856 1807 911 llu-

154 926 235 981 ilium
249 927 386 1008 stripeium
399 940 434 991 ap
470 925 519 981 liat
578 923 877 993 genusUrbieus,paia
893 923 959 995 Sep·
1009 923 1047 979 aii
1062 922 1139 994 quasi
1153 925 1235 979 nativi
1250 923 1357 994 quidam
1373 925 1570 995 provinciarum
1583 926 1688 981 termini
1701 926 1735 981 ab
1749 928 1808 996 ipso

153 996 426 1067 tentrimemlonpitu
446 995 546 1050 inemin
585 993 959 1060 eridianumdeeurrit,·scom·
1008 992 1125 1049 Numine
1151 995 1286 1061 instituti,
1312 1005 1470 1066 poteratque
1491 995 1578 1052 inustis
1601 996 1628 1052 ln
1655 996 1713 1068 ipsa
1736 1000 1810 1068 {lami

155 1078 249 1122 ιισιιινιι
262 1067 410 1135 uutem,pui
420 1063 959 1121 eomodoabOceidenteinOrientemeres·
1008 1066 1215 1121 transmissione
1237 1066 1352 1138 opprimi
1367 1066 1486 1133 lucilius,
1508 1083 1588 1137 quam
1605 1069 1627 1123 si
1646 1083 1707 1122 com
1722 1068 1768 1123 ille
1781 1070 1807 1126 in

154 1141 202 1193 cit.
219 1140 258 1193 lu
270 1138 408 1208 disposita
423 1137 570 1208 phalanges
581 1138 608 1190 iu
621 1137 807 1207 longitudinem
821 1136 956 1207 oSepten·
1008 1145 1103 1206 aperto
1115 1146 1189 1192 esset
1203 1136 1342 1207 liberoque
1352 1153 1448 1207 eampo
1458 1137 1698 1208 congrediendum.
1709 1139 1737 1195 ld
1750 1154 1809 1195 cer·

155 1212 348 1265 &omnemne
362 1206 515 1271 lleridiem,
532 1209 623 1263 vaalius
643 1208 731 1278 potius
745 1207 844 1262 (lriemi
855 1249 862 1271 .
875 1223 956 1279 quam
1009 1214 1066 1262 tum
1082 1216 1203 1273 veteres,
1221 1216 1250 1262 ut
1262 1207 1313 1262 alia
1327 1209 1385 1264 loca
1409 1209 1553 1278 impedita,
1574 1211 1613 1265 sic
1627 1220 1654 1264 et
1665 1209 1808 1267 lluuiorunr
1907 1272 1909 1278 .

155 1281 337 1349 Septentrioni
349 1280 478 1334 obversos
494 1278 644 1335 irerbuerint.
664 1278 701 1333 lta
717 1272 818 1347 dpuiloe
831 1294 958 1349 respexe-
1007 1277 1077 1333 rada
1091 1279 1197 1334 munire
1210 1278 1315 1337 solitos.
1330 1279 1365 1335 Et
1378 1296 1432 1349 quo
1446 1280 1532 1350 trrajor
1544 1289 1601 1334 erat
1613 1280 1728 1346 durius,
1754 1282 1807 1336 arri-

152 1351 211 1406 rint
226 1360 328 1422 portam
392 1349 543 1405 Praetorium
556 1350 583 1404 in
597 1349 682 1404 lorma
697 1351 889 1417 eastrenaifiaa.
901 1348 957 1405 Neo
1007 1363 1112 1418 nosque
1127 1349 1253 1415 vadosos,
1262 1363 1296 1405 eo
1306 1351 1478 1407 munitiorem
1492 1350 1648 1416 credebant,
1660 1351 1807 1422 aptiorem·

151 1423 234 1478 aliter
248 1422 307 1490 ipse
341 1423 463 1476 rontium
478 1438 484 1475 r
502 1421 631 1491 Quicquid
640 1429 725 1475 autem
738 1419 848 1492 (intorsit)
862 1436 955 1475 secun·
1007 1433 1062 1488 oue
1078 1419 1199 1475 hostibus
1209 1420 1334 1477 arcendis
1344 1463 1352 1487 ,
1364 1438 1397 1476 eo
1410 1424 1502 1488 etiam,
1517 1423 1540 1477 si
1558 1423 1643 1476 bostis
1656 1422 1807 1488 transisset,

151 1492 219 1547 dator
231 1492 299 1547 boae
310 1492 481 1547 conditionem
491 1493 517 1547 in
528 1490 714 1564 torpitudinens
727 1501 764 1545 eet
776 1490 955 1558 delimitatam,
1006 1489 1153 1545 faciliorem
1167 1505 1278 1545 satorum
1297 1493 1323 1546 in
1339 1494 1441 1548 monita
1452 1492 1511 1548 loca
1526 1502 1674 1562 receptum.
1694 1492 1752 1549 Non
1766 1504 1808 1548 est

151 1578 327 1632 perorarem
339 1563 636 1634 appellatumpuiepaid
655 1579 700 1631 per
713 1563 890 1629 altitudinem,
911 1579 956 1632 per
1006 1560 1099 1630 itaque
1113 1562 1185 1631 quod
1200 1560 1422 1632 Geoprapborum
1451 1564 1550 1621 serinia
1570 1564 1749 1633 compilamus
1772 1564 1807 1620 de

150 1649 272 1690 sonum
295 1637 333 1691 lte
346 1651 469 1704 aprorum
484 1633 618 1689 divisione
632 1632 689 1689 haec
709 1632 874 1699 Frontinus,
900 1647 955 1690 rron
1007 1629 1097 1686 dusiis
1110 1633 1308 1701 provinciarum
1325 1634 1646 1705 totnonisUbiqueenim
1660 1646 1807 1691 occurrunt

150 1707 281 1773 equidem
292 1705 458 1774 singulorum
469 1706 626 1761 colonorum
637 1704 755 1759 sortibus
764 1711 844 1772 atque
855 1706 955 1772 portin-
1006 1703 1140 1769 exempla.
1155 1701 1193 1757 Ne
1207 1703 1311 1774 longios
1324 1706 1470 1769 abeamus,
1487 1704 1621 1771 Romani,
1636 1705 1671 1762 de
1681 1722 1735 1775 nuo
1747 1709 1806 1776 agi-

149 1775 252 1839 nibus,
267 1791 380 1847 quamne
397 1776 496 1832 limites
511 1784 634 1846 poterant
645 1776 680 1829 ab
695 1777 808 1830 invicem
836 1790 897 1831 esse
909 1776 952 1829 di·
1005 1773 1191 1842 mus,imperii
1201 1774 1299 1830 limites
1310 1775 1430 1845 insignes
1443 1776 1806 1834 lrabemuslluvios.Gallianr

148 1848 303 1903 uersissimi
313 1862 320 1911 ;
331 1847 380 1902 sed
388 1861 482 1902 eorum
495 1848 683 1917 aprorumqui
695 1845 809 1901 coloniae
819 1848 951 1901 universae
966 1815 991 1875 B
1003 1843 1166 1900 defendebat
1178 1844 1463 1902 adversusGernranos
1471 1847 1684 1917 terminabatque
1694 1847 1806 1904 ithenus

150 1918 224 1974 fines
238 1918 420 1986 includerent,
433 1933 481 1973 seu
494 1934 608 1987 natorum
626 1917 719 1972 modus
731 1918 864 1973 uniuersas
890 1917 951 1972 eini-
1003 1915 1109 1989 Syriam
1126 1916 1152 1970 in
1165 1914 1279 1971 Parthos
1287 1917 1448 1987 Euphrates.
1462 1918 1562 1987 Quidni
1579 1919 1670 1985 itaque
1684 1919 1805 1975 dicamus

151 1990 419 2060 utiestmsipnotue.
435 1989 551 2045 Proinde
562 2004 614 2044 nota
633 1999 676 2043 est
691 1988 761 2058 quod
776 1988 949 2055 dubitemus,
1001 1996 1030 2042 et
1066 1986 1277 2068 illyricianarum
1317 1998 1541 2058 praeteriturarum
1574 1989 1686 2046 limitem
1722 1990 1806 2047 luisse

149 2061 218 2130 quin
229 2068 258 2115 et
270 2061 422 2116 uniusmodi
433 2060 532 2116 limites
543 2075 608 2131 aper
620 2058 772 2114 istiusmodi
788 2060 950 2128 complecta·
1002 2056 1169 2119 Danubium:
1186 2073 1237 2114 nec
1248 2057 1332 2113 alium
1352 2060 1525 2129 quaerendum
1540 2074 1601 2116 esse
1615 2061 1742 2133 flurium,
1755 2076 1805 2117 cu·

150 2138 215 2197 tur,
228 2140 259 2186 et
277 2131 582 2187 cumcastrametationc
597 2129 762 2186 conformes.
777 2128 890 2186 Constat
900 2146 949 2186 au·
999 2126 1046 2198 jos
1059 2130 1145 2198 ripam
1156 2128 1272 2199 Stripam
1295 2128 1449 2186 Lactantius
1459 2131 1624 2203 appellarit?
1639 2131 1716 2186 illum
1728 2133 1801 2187 eninr

150 2210 228 2265 tem,
245 2216 294 2271 pro
313 2202 522 2257 castrametandi
536 2201 696 2269 disciplina,
710 2201 796 2256 aciem
821 2201 848 2256 in
862 2201 952 2258 leonte
1002 2200 1031 2254 in
1045 2199 1260 2256 lrontebostibus
1270 2201 1546 2271 obiectumbabebant
1556 2212 1728 2273 pretenture
1742 2203 1804 2276 llly-

150 2272 356 2342 lonpissimam,
372 2289 406 2330 ne
417 2272 526 2329 circuiri
539 2281 647 2343 posset,
665 2272 787 2326 bossinus
797 2272 896 2342 opponi
909 2288 953 2327 so-
1002 2270 1127 2325 rioianm.
1478 2278 1479 2281 ’

149 2344 241 2400 litam.
264 2343 401 2400 Accedunt
416 2344 533 2411 deninue
546 2352 574 2399 et
587 2343 631 2398 illa
650 2342 747 2415 Hygini
761 2347 842 2397 rerba
858 2360 865 2396 ε
881 2344 953 2410 Quo-
1041 2340 1056 2411 5
1079 2339 1131 2397 ttl.
1161 2344 1312 2401 Danubium
1334 2353 1408 2400 certe
1427 2344 1542 2401 Romani
1563 2345 1669 2417 imperii
1690 2345 1803 2401 limitem

152 2415 204 2470 ties
220 2431 267 2481 per
290 2414 671 2479 srnrctsdirtribuimas‚aon
685 2416 821 2485 plusquam
835 2415 953 2485 tripertiti
1003 2421 1110 2468 veteres
1142 2415 1266 2484 plerique
1298 2425 1473 2484 sancierunt.
1509 2417 1608 2473 Strabo
1634 2435 1641 2471 r
1670 2426 1751 2494 τριῶν
1777 2416 1804 2473 δὲ

152 2485 953 2553 ανσιίσίνείιιινιι.ΝσιιιίίιιιιοιίνιὶιιιοιιίριιιίιιιιιίίΙιιιιιίίσ-
1003 2487 1115 2559 ἠπείρων
1140 2488 1232 2548 οὐσῶν,
1258 2493 1304 2547 τήν
1331 2493 1379 2559 μὴν
1402 2486 1534 2564 'napaeas
1559 2487 1656 2560 σχεδὸν
1674 2511 1701 2544 τι
1715 2494 1804 2545 πᾶσαν

153 2556 351 2624 tributionem,
373 2572 453 2626 ottattt
474 2557 545 2612 illata
564 2556 591 2610 itt
607 2557 700 2610 mt'lt'lt'a
713 2555 830 2610 llomatttt
843 2557 953 2612 notissi·
1003 2552 1110 2626 ἔχουσι,
1126 2558 1190 2616 πλὴν
1203 2567 1248 2619 τῆς
1262 2555 1310 2623 ἔξω
1322 2565 1368 2613 τοῦ
1383 2557 1503 2623 ’1ΣΤΡοΥ,
1521 2564 1564 2615 καί
1582 2568 1632 2614 τῶν
1645 2561 1741 2631 μιτσιξὺ
1756 2568 1802 2615 roo

152 2642 229 2684 marn
241 2668 250 2693 ,
262 2628 438 2691 hastatorum,
460 2628 621 2697 principum,
637 2637 718 2697 atquae
730 2627 889 2681 triariorum.
906 2629 953 2681 bt·
1003 2623 1089 2684 'rona
1113 2632 1155 2682 uei
1169 2634 1215 2682 rod
1230 2628 1352 2689 ταναίδσς
1375 2638 1582 2700 παρωκεανιτῶν.
1610 2631 1667 2684 liert
1690 2631 1805 2699 dprippa

153 2697 205 2768 qtti
227 2699 324 2769 tripter
344 2700 394 2753 ista
407 2699 627 2754 ariminensem
643 2698 775 2769 opposita.
792 2698 842 2763 Qui
865 2699 954 2768 itaquo
1003 2696 1076 2766 apud
1097 2695 1239 2768 Joseplttttn
1253 2714 1263 2753 :
1279 2702 1316 2752 οὐ
1339 2702 1389 2773 γὰρ
1409 2703 1541 2775 ἐξήρκισιν
1563 2703 1651 2761 αὐτοῖς
1670 2698 1727 2761 ὅλος
1747 2699 1802 2755 ’Βυ-

152 2769 238 2826 litnes
256 2768 283 2824 ia
296 2770 480 2839 sepulcrorum
494 2770 710 2836 inscriptionibus
724 2768 751 2822 ln
766 2767 895 2824 Fnonrrrt
906 2783 954 2840 ap
1005 2767 1160 2845 ppa'rrnebrri
1171 2776 1216 2829 nia
1229 2772 1360 2836 ἀνατολήν,
1370 2770 1426 2827 etat
1436 2780 1485 2827 ron
1495 2774 1670 2847 προσαρκτίων
1680 2769 1803 2837 'turbon

152 2839 292 2911 pelium,
311 2840 384 2896 illam
399 2855 515 2897 santonia
526 2840 663 2910 appellant
678 2840 705 2893 in
719 2842 955 2896 crstmmetatioue
1005 2847 1054 2892 etc.
1065 2838 1098 2893 Et
1112 2841 1247 2894 norrraullis
1260 2840 1423 2910 interpositis
1438 2861 1445 2897 e
1459 2843 1497 2898 Ἑν
1510 2844 1537 2901 δὲ
1549 2842 1646 2916 ”taren
1659 2850 1803 2897 κατοικσίν·

155 2910 323 2978 omninum
350 2922 377 2968 et
404 2912 520 2966 vicissim
546 2926 628 2982 quem
658 2925 782 2966 sosanna
809 2909 955 2967 Gramatiei
1004 2930 1060 2974 arr,
1075 2909 1175 2967 οὑδνσί
1188 2912 1271 2983 pinne
1284 2914 1423 2987 nipparena,
1438 2915 1586 2980 ὑπείκουσι,
1599 2914 1653 2989 μεθ’
1679 2910 1713 2968 ὧν
1736 2917 1806 2970 αὐτοὶ

154 2981 416 3039 eumderttsolentut
426 2982 664 3053 tonofldesissuate
675 2982 873 3050 inscriptiones.
884 2981 956 3037 Gnn-
1006 2982 1053 3041 τὰς
1069 2990 1154 3036 Δακῶν
1167 2984 1352 3039 messanam
1368 2984 1460 3059 oppos.
1488 2987 1597 3041 'facilus
1621 3004 1628 3038 :
1654 2984 1804 3053 iiiparanpre

155 3052 234 3108 venit
247 3063 274 3108 et
283 3055 380 3110 semini
391 3054 548 3123 sipntttentto
560 3052 630 3123 aptrd
643 3064 768 3108 auctores
782 3052 821 3108 rei
835 3054 953 3109 melicae.
1007 3050 1122 3107 Danubii
1142 3051 1283 3123 Lepionma
1308 3055 1368 3109 dua
1381 3060 1409 3121 in
1431 3055 1586 3121 Pannonia,
1599 3057 1658 3111 date
1671 3056 1698 3109 in
1714 3053 1805 3110 llario

156 3123 250 3195 Siqua
259 3126 330 3180 enim
342 3123 547 3181 interaraudum
562 3136 632 3179 terra
643 3124 728 3179 lnerm
740 3125 774 3178 ab
786 3135 876 3179 aratro
887 3140 956 3196 prae·
1007 3122 1156 3191 attinebant,
1164 3125 1268 3178 totidem
1279 3128 1349 3193 apud
1365 3125 1521 3181 Dalmatiam
1530 3128 1631 3191 locatis,
1646 3141 1704 3198 pure
1718 3127 1803 3193 positu

156 3195 380 3262 termissa,illam
396 3210 446 3266 pro
458 3211 562 3252 scamno
575 3195 719 3250 trabebant.
735 3193 807 3249 Situs
819 3208 884 3265 erpo
899 3196 954 3266 apri
969 3193 992 3258 C
1007 3194 1117 3263 teotonis
1131 3211 1147 3248 a
1159 3205 1229 3265 terpo
1243 3195 1305 3251 ittn.
1320 3196 1458 3266 Appianus
1472 3215 1479 3247 τ
1493 3197 1531 3254 'ns
1540 3198 1568 3256 nt
1580 3207 1611 3258 ri
1626 3198 1743 3274 Ὲνρὼπρ
1756 3219 1802 3254 rra·

156 3267 283 3323 secmrdo
296 3269 371 3323 sulco
382 3275 424 3323 est
437 3276 601 3332 maurontus,
613 3265 680 3321 situs
693 3264 775 3321 soleis
790 3274 958 3324 tmussersus
1009 3268 1088 3338 ταρσί
1102 3264 1160 3329 δύο,
1177 3264 1258 3328 ‘mnis
1278 3289 1306 3323 rr
1320 3272 1363 3323 καί
1372 3267 1484 3325 'tatros
1494 3260 1605 3344 μάλιστά
1618 3276 1664 3329 τήν
1676 3269 1721 3323 Ῥω
1764 3272 1768 3283 ’

157 3337 290 3405 stripatus
301 3337 488 3409 appellabitur.
497 3337 531 3393 Αι
546 3350 715 3391 transversus
728 3335 804 3390 sulco
817 3338 886 3393 sium
900 3339 959 3394 vul·
1008 3337 1096 3411 ἀρχὴν
1107 3340 1228 3413 ὁρίζουσι.
1239 3338 1284 3393 Sic
1296 3349 1393 3406 etpost
1403 3341 1561 3396 Diocletiani
1576 3353 1696 3410 tempora
1730 3350 1804 3393 estus

158 3416 206 3462 tos
216 3411 331 3464 militnm
345 3419 522 3477 repraesentat
533 3408 561 3462 iu
571 3409 629 3463 acie
639 3407 857 3462 consistentium.
1009 3406 1095 3461 Durus
1103 3407 1215 3463 itomani
1229 3409 1334 3478 imperii
1345 3411 1484 3467 metamad
1492 3412 1640 3466 Danubium
1652 3426 1737 3482 arsque
1744 3425 1806 3480 pro-

199 3479 215 3553 ἦ
239 3481 268 3536 i.
289 3480 348 3537 iarn
363 3494 427 3535 verer
439 3495 501 3550 qrrae
522 3480 548 3533 in
562 3479 658 3533 castris
672 3477 797 3547 rigebant
809 3478 890 3549 leges,
906 3493 960 3535 eae·
1009 3476 1107 3542 tendit,
1120 3478 1374 3550 provinciarumque
1390 3481 1587 3538 limitaneorum
1604 3482 1748 3537 terrariorum
1764 3481 1803 3551 lp·

160 3550 225 3609 dem
237 3554 263 3607 in
274 3551 387 3608 coloniis
395 3550 591 3618 ttrntnneisnne
621 3549 826 3605 msidiisenam
839 3551 957 3620 riguere.
1009 3562 1071 3603 sutu
1085 3563 1194 3617 semper
1215 3551 1364 3606 Danubium
1383 3551 1516 3623 designat.
1537 3553 1602 3609 iride
1614 3562 1653 3607 tot
1672 3552 1803 3607 ltabemus

161 3622 219 3681 Nec
243 3628 317 3681 enlm
334 3623 387 3678 illae
401 3621 505 3676 telluris
519 3621 590 3675 colen
610 3635 633 3675 ar
649 3620 729 3674 modu
746 3629 823 3684 sunt,
852 3621 899 3676 sed
929 3622 960 3676 ll·
1009 3633 1044 3675 ex
1063 3634 1095 3674 ea
1110 3628 1185 3688 parte
1199 3621 1351 3691 provincias
1366 3622 1515 3692 Ripenses,
1534 3625 1569 3677 itu
1583 3622 1687 3678 scilicet
1700 3636 1801 3693 erigam·

161 3697 238 3752 nium
259 3695 341 3750 etiarn
360 3691 692 3765 prapupnondormncaosa
705 3690 837 3745 deductae.
851 3689 879 3745 id
894 3696 960 3747 satis
1009 3688 1143 3755 minatas,
1158 3699 1187 3745 ut
1198 3692 1233 3745 ab
1244 3690 1303 3746 aliis
1315 3693 1437 3761 ejusdem
1460 3693 1575 3750 austrinis
1588 3692 1731 3761 provinciis
1747 3708 1804 3748 rrae-

161 3778 206 3823 est
218 3783 253 3823 ex
264 3766 331 3835 ipsis
345 3766 382 3820 rei
397 3766 509 3834 agrariae
521 3764 633 3818 rosione
645 3762 825 3816 mauiiestum.
843 3760 958 3817 lorite-
1009 3759 1416 3831 diterraneisdistinpuerentor.
1426 3764 1570 3835 Ripensem
1583 3765 1691 3821 Daciam
1705 3779 1802 3835 agnos-

161 3839 232 3893 rium
242 3838 297 3892 iltis
310 3836 336 3892 id
351 3850 431 3890 omne
442 3836 555 3896 dicitnr,
575 3832 646 3904 quod
659 3833 739 3887 bostis
758 3832 868 3886 tenendi
881 3850 961 3889 eausa
1009 3841 1204 3898 contemnes,
1219 3834 1262 3887 cui
1277 3846 1304 3889 et
1326 3834 1458 3892 Valeriam
1472 3835 1654 3905 Noricomque
1678 3846 1804 3891 aeaeriset

161 3909 333 3964 constitutum
342 3918 390 3961 est.
402 3902 958 3977 dperoreiainim,inauiteVarroneFron-
1010 3902 1117 3973 Imperii
1133 3903 1230 3959 Notitia
1245 3905 1431 3977 ipsasquoque
1445 3907 1578 3978 Ripensis.
1589 3907 1643 3963 Sed
1656 3918 1684 3962 et
1694 3906 1801 3962 Sasiam

160 3980 249 4045 tinus,
262 3977 422 4034 abareendis
434 3976 546 4031 nostibus
560 3975 763 4045 ertappellatos.
777 3975 859 4029 Eram
869 3975 961 4046 itaque
1009 3975 1069 4029 sire
1083 3975 1248 4029 Pannoniam
1259 3978 1404 4033 secundam
1420 3977 1643 4049 Riparienscm,a
1659 3977 1801 4048 praesidiis,

161 4051 279 4106 colonia
294 4049 438 4105 tianiunee
461 4062 555 4118 magna
568 4047 691 4113 spondam
713 4049 789 4116 quasi
811 4056 914 4111 castra,
930 4056 961 4103 nt
1010 4046 1038 4100 ni
1054 4045 1149 4112 lallor,
1174 4046 1289 4116 Riporiis
1309 4049 1344 4102 ita
1366 4052 1593 4121 cognominatam.
1613 4049 1710 4120 Ripom
1729 4047 1802 4103 euim

162 4138 219 4177 non
232 4122 269 4176 sit
282 4122 376 4244 utiauc
388 4118 458 4189 rpuod
468 4121 606 4180 miremur,
622 4117 644 4172 si
661 4132 709 4186 pro
723 4126 873 4171 castrorum
884 4133 960 4174 inore
1010 4115 1294 4173 Danubiiobsidebant
1305 4120 1350 4175 illa
1360 4121 1493 4187 praesidia.
1509 4121 1562 4177 Sub
1575 4121 1739 4190 disparitione
1753 4119 1802 4172 do·

162 4193 220 4249 illae
234 4202 314 4263 atquae
343 4190 464 4263 isclplina
475 4189 692 4260 disponerentur.
700 4186 786 4243 Voces
798 4197 873 4243 certe
881 4187 959 4243 adbi·
1010 4187 1047 4241 eis
1062 4186 1171 4243 tatertoe
1181 4188 1301 4259 Ripensis
1315 4191 1410 4260 equites
1425 4193 1538 4261 legimus
1548 4190 1681 4246 Dalmatas
1695 4191 1721 4245 in
1733 4190 1803 4256 loco,

162 4263 232 4320 mut
249 4273 399 4319 castrorum
420 4262 559 4331 proprias,
579 4260 726 4323 mattarios,
740 4258 864 4327 perticas,
879 4260 959 4313 innu-
1010 4258 1055 4313 cui
1065 4258 1135 4325 ilipa
1148 4260 1200 4314 altu
1213 4275 1323 4324 uomens,
1337 4262 1372 4315 ab
1385 4262 1429 4316 illa
1444 4262 1536 4330 procrrt
1547 4262 1629 4316 dubio
1643 4262 1701 4330 ripa
1712 4259 1802 4315 Danu-

162 4349 258 4389 meras
270 4334 348 4397 alias,
364 4345 392 4388 ut
406 4332 585 4403 intelligamus
598 4330 693 4386 eodem
707 4329 788 4383 modo
804 4330 959 4399 respexisse
1009 4328 1059 4385 bii.
1077 4329 1134 4386 Sub
1145 4331 1322 4398 dispositione
1335 4332 1412 4388 ducis
1429 4331 1570 4386 Prouincias
1593 4332 1701 4387 libente
1714 4331 1804 4400 primm

163 4406 287 4461 inuicem
313 4406 339 4459 in
353 4418 479 4471 aprorum
499 4401 690 4457 distributione
708 4401 837 4465 colonos,
860 4415 913 4472 qrro
932 4402 958 4457 in
1010 4411 1034 4453 et
1048 4401 1189 4455 semodio:
1205 4402 1354 4472 profectam
1373 4403 1480 4474 lepionis
1508 4403 1587 4457 tertiae
1600 4400 1699 4457 ltoliote
1724 4401 1803 4469 portis

162 4477 227 4533 acic
249 4476 358 4531 milites.
371 4474 469 4530 Forma
483 4476 564 4529 etiam
577 4481 726 4528 castrorum
741 4472 871 4540 quadrata
884 4471 959 4527 cole·
1010 4472 1284 4541 superiorisdepntutie
1294 4471 1368 4543 liiprr
1379 4473 1661 4542 primaeSubmontorio.
1677 4471 1717 4526 ltd
1729 4471 1802 4526 illam

161 4549 227 4602 nias
241 4547 594 4618 representantscriprores
609 4543 646 4598 rei
657 4543 779 4613 agraria.
796 4543 853 4611 lpsa
868 4552 958 4598 autem
970 4572 998 4634 D
1010 4550 1085 4623 certe
1096 4544 1182 4612 ripam
1192 4544 1319 4598 excubias
1334 4543 1614 4614 epitsubDiueletiano
1624 4541 1802 4600 Galeriuslta

163 4627 330 4688 praetenturae
343 4631 405 4683 sex,
414 4632 467 4688 qua
482 4617 566 4671 utitor
574 4616 600 4669 in
608 4614 794 4684 praesidiorum
806 4613 959 4668 limitaneo-
1011 4613 1805 4686 erasmqueriturilleapudLactantlum,tlneisseonnospnin·

163 4705 228 4745 rom
238 4685 563 4751 causallmrnianus,lacit
577 4684 962 4754 omninoutneprorsusdubi-
1012 4684 1094 4738 decim
1103 4685 1227 4755 esquoin
1241 4683 1471 4757 ltlprieum,oelad
1485 4687 1569 4758 ripam
1578 4686 1692 4741 Danubii
1703 4689 1804 4757 retrae-

163 4770 265 4826 temns,
283 4768 337 4813 tam
348 4768 497 4814 castrorum
511 4758 597 4813 tieem
607 4764 815 4826 repraesentasse
829 4757 963 4811 ercnoan-
1013 4762 1065 4820 tos,
1073 4757 1253 4827 rumpentibus
1265 4757 1503 4823 barbaristactaret,
1517 4775 1574 4812 curn
1584 4758 1630 4811 alii
1642 4759 1709 4812 intra
1720 4757 1804 4812 lanio-

163 4841 208 4887 tes
227 4845 276 4901 pro
291 4829 404 4898 lielpnb.
417 4832 503 4885 salute
514 4826 656 4892 cantonius,
667 4842 747 4898 quarn
759 4825 840 4881 etiam
854 4827 880 4882 in
894 4841 964 4896 mag·
1012 4841 1053 4880 res
1067 4836 1090 4880 et
1103 4829 1237 4899 quietiores
1250 4838 1330 4882 terras
1340 4829 1447 4884 delicate
1460 4829 1621 4898 inpeterent.
1638 4828 1691 4882 Pau
1705 4828 1800 4882 eadem

163 4904 210 4958 nis
223 4902 277 4958 illis
291 4900 422 4956 uniuersa
435 4900 549 4971 Reipub.
559 4899 634 4968 aparasi
645 4898 742 4953 castris
756 4912 817 4952 euru
829 4898 964 4967 praecipue
1014 4910 1109 4951 nunna
1120 4898 1459 4971 etlilreniripapraeseetum
1465 4898 1719 4955 memoratTacitus.
1729 4899 1802 4953 ldcm

162 4975 249 5029 situm
274 4971 441 5036 obtinuisse,
456 4987 535 5039 «inem
552 4971 578 5025 in
601 4970 697 5025 castris
717 4968 820 5038 Stripoe.
844 4966 964 5023 Tendunt
1014 4966 1124 5024 Tacitus
1138 4969 1805 5041 ostendudnasittaslegionesqutonstirnitnrntt-

163 5046 241 5101 coint
256 5042 325 5111 apud
348 5041 517 5100 Gramaticos
530 5043 678 5111 scriptores
699 5047 794 5095 turmae
819 5041 886 5104 ittae,
903 5054 963 5107 aprrae
1015 5038 1103 5094 lorum
1120 5041 1230 5095 tutelam
1243 5041 1371 5097 creditam
1383 5050 1496 5097 testatur
1509 5051 1563 5096 tam
1576 5042 1650 5111 ipse,
1662 5055 1741 5109 quam
1757 5057 1803 5096 rer

163 5117 328 5172 altemtrum
336 5113 460 5170 Praetorii
473 5114 544 5169 latus
557 5120 697 5182 occupant,
709 5110 964 5166 retendantlmtasse
1015 5111 1097 5165 ctiam
1124 5109 1261 5183 Agrippa,
1285 5112 1312 5166 in
1333 5111 1471 5167 Parrnunia
1495 5110 1578 5168 luisse
1589 5112 1745 5168 collocatae.
1766 5112 1804 5167 ita

164 5187 314 5257 illamqua
332 5200 419 5254 pnne;
442 5194 470 5240 ut
490 5184 650 5252 pretendunt
661 5192 736 5238 certe
750 5181 817 5249 ittae,
834 5196 894 5251 pua
911 5196 965 5250 pra
1017 5196 1071 5237 nun
1084 5180 1136 5237 erit
1150 5181 1222 5252 quod
1235 5183 1380 5248 iniremus,
1394 5184 1563 5239 Pannonicos
1581 5184 1715 5252 precipue
1732 5183 1803 5238 mili·

164 5257 300 5315 emano
311 5257 381 5313 trosti
392 5257 564 5324 objiciuntur,
581 5264 609 5310 et
621 5265 702 5323 portae
714 5250 857 5307 Pretorio.
871 5252 965 5320 Sequi
1015 5258 1077 5317 tes,
1092 5261 1185 5325 utpote
1200 5252 1397 5310 uetustissimos
1417 5254 1525 5310 illorum
1546 5252 1639 5310 tinium
1654 5268 1807 5325 propugna-

165 5330 331 5399 turitaque,
353 5339 382 5383 ut
414 5342 591 5396 uarncumuue
607 5324 748 5379 lrabueriut
767 5324 794 5378 in
810 5323 965 5380 fronteme·
1017 5332 1108 5389 tores,
1176 5324 1545 5395 nominatosesseliiparios.
1565 5325 1629 5380 inde
1645 5325 1806 5395 Ripariensis

165 5409 243 5463 tam,
258 5413 291 5455 ea
304 5398 386 5455 etiam
394 5343 653 5469 §triquappellanda
668 5397 712 5451 sit.
1015 5395 1144 5452 audiebat
1178 5395 1293 5450 annouia
1304 5395 1350 5450 illa
1365 5398 1472 5465 potins,
1488 5411 1568 5467 otram
1582 5395 1713 5467 Ripensis.

206 5469 223 5543 5
241 5469 287 5526 tt.
308 5470 394 5526 Porro
412 5471 482 5524 inter
494 5483 618 5541 aprorum
643 5467 741 5524 limites
756 5467 828 5523 rivos
839 5477 962 5524 numerat
1051 5467 1066 5539 ᾖ
1086 5465 1151 5523 tttt.
1174 5465 1248 5523 idem
1262 5465 1380 5537 produnt
1396 5475 1424 5524 et
1438 5468 1528 5522 natica
1548 5476 1636 5525 castra
1650 5469 1677 5522 in
1693 5476 1804 5532 nostra,

168 5542 278 5600 Siculm
293 5540 418 5602 Flemus,
438 5539 546 5595 llumina
563 5540 727 5602 Frontinus,
745 5538 780 5594 de
797 5539 962 5621 priuatorum
1015 5538 1051 5594 de
1064 5553 1115 5609 φιν
1130 5539 1250 5607 spineus,
1267 5536 1381 5592 Danubii
1404 5538 1462 5609 ripa
1476 5541 1555 5608 lonae
1575 5538 1805 5608 lreonentissima.

168 5612 331 5671 colonorum
344 5614 482 5682 principue
494 5611 623 5666 limitibus
642 5611 820 5681 intelligenda.
833 5610 861 5665 id
874 5618 962 5665 tamen
1016 5610 1138 5665 Hostium
1150 5620 1224 5665 certe
1236 5608 1367 5664 limitibus
1377 5610 1526 5681 propinqua
1535 5610 1580 5667 illa
1592 5610 1712 5680 oportuit
1724 5608 1806 5662 luisse

169 5687 251 5755 longe
264 5683 363 5755 potiori
379 5685 483 5738 mtioue
495 5684 521 5736 in
533 5683 767 5737 castrametatioue
777 5692 835 5738 erat
848 5692 963 5753 praeten-
1017 5691 1124 5745 castra,
1140 5696 1199 5753 quta
1213 5680 1331 5736 bostium
1343 5681 1522 5738 arcendorum
1536 5696 1616 5737 causa
1632 5681 1806 5734 institueren-

167 5759 295 5827 tnn'sque
305 5755 450 5811 limitaneis
462 5754 653 5811 censuarium.
671 5753 810 5824 Dupliccm
822 5752 894 5808 enim
903 5767 965 5808 aas·
1018 5762 1073 5807 tor.
1086 5751 1159 5808 ldem
1172 5754 1238 5822 ipsae
1252 5753 1334 5808 etiam
1348 5751 1483 5808 Historia.
1497 5751 1570 5808 Pulsi
1585 5750 1619 5806 ab
1632 5750 1736 5806 Ιίιιιιιιίι
1750 5748 1807 5804 Gu-

169 5829 223 5884 tris
248 5827 392 5883 utilitatem
415 5825 560 5897 prestabat
573 5824 691 5889 ilovius,
714 5835 768 5882 mm
782 5823 965 5894 squalitano,
1020 5822 1061 5880 tiri
1079 5823 1230 5881 Danubium
1241 5824 1424 5881 transmittere
1437 5837 1490 5880 nou
1501 5821 1646 5887 audebant,
1661 5821 1690 5877 n't
1702 5822 1809 5879 senium
