4142 6184
139 284 211 345 tout
495 289 651 348 MISSEMT.
673 290 706 347 tlt
726 290 791 347 ltu.
813 289 857 346 DE
876 288 1053 347 uoumuus
1073 290 1266 354 Puesucttr.
1286 293 1361 353 CAP.
1385 293 1442 350 tv.
1726 296 1798 352 tuto

137 421 248 480 quaeue
261 406 341 464 modu
355 409 424 464 alirn
437 409 673 481 argumentabitur
687 429 694 466 ε
709 409 778 483 Magi
793 409 943 467 Pharaonis
955 412 982 471 Α
994 407 1189 467 Constantinus
1211 410 1370 482 Imperator,
1388 412 1528 482 inquiunt,
1544 411 1643 469 ibidem
1663 413 1798 470 Maximus

137 499 244 557 artibus
256 500 366 571 magicis
380 501 492 568 eadem,
505 514 586 573 atquc
602 501 724 575 Moyses,
740 501 870 558 miracula
882 502 941 558 edi·
990 510 1115 571 vocatur,
1130 503 1199 561 sicut
1213 514 1306 576 postea
1322 506 1348 561 in
1361 506 1494 572 nummis,
1508 515 1535 562 et
1553 507 1668 577 publicis
1683 508 1797 579 inserip-

137 589 222 658 dere;
236 606 302 663 erpo
326 591 392 648 laisa
416 604 480 650 sunt
502 593 601 666 Moysis
622 593 767 660 miracula,
782 607 814 650 ac
829 593 941 665 magicis
992 595 1120 653 tionibus.
1136 597 1177 654 ld
1191 599 1251 654 lrac
1265 613 1350 663 tero,
1365 599 1456 670 plures
1469 598 1514 654 alii
1529 599 1708 671 imperatores
1720 599 1794 658 baruc

137 682 210 742 lacta
221 686 334 743 artibus.
349 686 384 741 tlt
394 686 484 743 nullus
499 686 636 758 prolecto,
649 686 699 742 nisi
714 687 794 758 plane
806 684 939 756 desipiat,
992 687 1099 744 titulum
1113 689 1164 745 sibi
1184 689 1360 762 adrogabant.
1376 690 1569 748 Verumtamen
1586 693 1647 765 quia
1672 694 1695 748 is
1715 693 1796 749 etiam

137 775 173 832 tta
195 776 412 833 raciocinabitur.
427 777 494 847 Quis
508 778 579 833 enim
602 777 688 833 nescit
703 793 793 833 roratur
814 792 874 833 esse
888 777 939 832 ali·
991 780 1603 855 tituluseratloris,lrincsnspieanturaliqniin
1614 782 1793 840 Ceciliitextu

135 880 216 937 quam
230 867 386 928 historiam.
401 868 509 924 etiamsi
523 868 589 924 larisa
602 869 687 924 altera
702 870 726 923 ci
742 883 853 939 prorsus
868 869 942 925 simi·
991 873 1164 930 scribendum
1175 876 1305 941 numnis,
1322 887 1477 932 nouantem
1491 879 1612 932 noratinir.
1626 876 1660 933 tt
1674 877 1795 948 quando-

136 959 171 1016 lis
195 961 299 1032 scripto
319 961 415 1019 tradita
436 961 483 1017 siti
504 961 624 1020 Urtiusne
639 962 756 1018 bornittis
771 963 940 1019 attendacium
992 980 1054 1020 nam
1068 976 1179 1024 senatus
1195 969 1332 1026 Romanus
1348 970 1456 1040 publico
1470 970 1560 1043 aliquo
1580 970 1690 1027 decreto
1709 971 1796 1043 impe·

134 1053 271 1126 proditam
285 1055 321 1112 ab
334 1056 389 1113 alio
410 1056 552 1112 veritatem
568 1057 707 1113 intlrtmre
721 1056 827 1129 potestl
842 1055 877 1111 Αι
892 1072 939 1112 re·
991 1068 1098 1116 ratores
1110 1076 1175 1118 suos
1187 1062 1239 1119 lrnc
1250 1062 1328 1132 primi
1341 1075 1387 1118 aut
1399 1062 1510 1119 secundi
1526 1064 1639 1119 nuttrinis
1654 1064 1732 1120 titulo
1747 1063 1798 1119 bn·

135 1160 196 1203 rant
211 1145 296 1204 luisse
311 1147 481 1205 Constantini
496 1147 583 1222 Magni
597 1150 727 1204 risinucm
743 1150 868 1219 superius
882 1149 941 1207 eui·
991 1152 1228 1210 norauithonnc
1252 1154 1311 1211 lraee
1341 1160 1496 1226 contectura
1521 1154 1679 1226 probatione
1701 1156 1797 1212 saitem

137 1237 304 1295 deotissime
313 1238 669 1296 demonstrauimusl'antae
680 1240 761 1311 igitur
773 1240 852 1296 'lollii
865 1239 941 1311 inep·
991 1244 1080 1313 aliona
1093 1244 1251 1317 indigebat?

135 1330 182 1385 tiae
207 1345 223 1386 a
245 1330 324 1388 uobis
345 1332 436 1405 potius
459 1332 620 1403 spernendae
642 1342 738 1397 erant,
759 1347 839 1405 quarn
869 1331 941 1390 serio
1028 1337 1253 1409 Aliisitaqueilla
1264 1338 1358 1396 Cerilli
1370 1340 1451 1398 rerba
1462 1356 1516 1396 uon
1527 1340 1609 1396 alium
1620 1340 1722 1398 babere
1733 1356 1797 1398 sen·

134 1421 325 1491 conlutandae,
340 1423 391 1481 nisi
407 1423 554 1481 timendum
568 1424 636 1480 loret
650 1424 783 1480 neluoum
803 1424 883 1484 alicui
899 1424 940 1480 iu·
991 1442 1052 1485 sum
1065 1428 1202 1494 videntur,
1218 1431 1294 1487 nisia
1311 1432 1433 1487 Romano
1445 1443 1541 1488 senatu
1556 1432 1649 1488 datum
1663 1432 1796 1489 Constan.

135 1513 249 1571 credulo
262 1513 402 1583 lacerent,
415 1525 461 1573 aut
474 1517 498 1574 is
508 1516 687 1574 arbitraretur
696 1532 744 1574 eas
757 1532 772 1573 a
786 1517 864 1573 nobis
879 1517 940 1576 ideo
992 1520 1049 1577 tino
1059 1522 1136 1594 priten
1145 1524 1270 1588 aorttinie,
1288 1522 1341 1580 boo
1353 1533 1412 1591 est,
1427 1524 1599 1594 imperatoris
1613 1524 1794 1595 titulumque

135 1605 220 1666 luisse
230 1609 446 1681 pretermissas,
460 1611 522 1682 quia
536 1610 622 1668 retelli
637 1625 691 1667 non
705 1618 839 1681 poteraut.
991 1613 1100 1680 quidem
1112 1613 1157 1669 ille
1167 1614 1322 1681 Maximino,
1335 1616 1413 1688 longe
1425 1629 1487 1673 ante
1498 1618 1585 1686 ipsum
1596 1617 1696 1673 Casari
1713 1616 1795 1682 tacto,

990 1703 1120 1776 deinceps
1145 1716 1365 1777 anteponeretur.
1392 1710 1482 1778 Attene
1506 1709 1533 1764 in
1554 1708 1633 1779 trojus
1654 1708 1797 1765 sententie

953 1795 1223 1864 Beonbrmationem
1244 1798 1308 1854 illud
1333 1802 1445 1870 prolerri
1469 1810 1577 1872 potest,
1600 1800 1672 1874 qood
1698 1812 1792 1857 narrat

136 1859 179 1917 θ’
191 1860 341 1932 ‘limpidii
352 1858 516 1917 c⁰²¹⁸¹⁰¹¹²³¹²⁵
533 1861 561 1916 ’Ὢ
575 1860 662 1917 “siim
677 1860 787 1917 mmm
799 1862 937 1933 indm·
989 1885 1123 1942 Eusebius
1147 1888 1321 1946 Maximinum
1341 1907 1375 1947 eo
1400 1893 1562 1962 arrogantiae
1582 1891 1742 1959 deuenisse3
1764 1901 1794 1947 ut

172 1954 246 2026 ‘illl‘
256 1953 356 2011 ‘imm
368 1971 384 2008 ‘¹
398 1952 517 2010 R⁰¹²ffll¹⁰
529 1965 618 2010 ‘libili‘
633 1957 710 2028 primi
721 1956 831 2012 ”⁰¹¹⁶ssst
846 1957 938 2023 ’ῑωῖον
989 1980 1106 2048 primum
1123 1980 1194 2034 inter
1208 1982 1385 2052 imperatores
1399 1983 1488 2039 locum
1498 1983 1527 2039 in
1539 1983 1624 2039 titulis
1639 1984 1690 2038 sibi
1703 1984 1791 2042 uindi-

172 2051 296 2124 quamdiu
315 2052 360 2108 '⁸¹¹0
377 2062 465 2124 9⁰⁸⁸&
479 2050 568 2108 Bm
583 2054 720 2122 daumii,
733 2064 757 2109 ⁶¹
770 2054 813 2110 att
825 2070 939 2110 mmm
988 2079 1074 2126 caret.
1087 2071 1204 2128 Senatus
1220 2089 1285 2128 tero
1299 2074 1370 2132 ltune
1392 2074 1559 2133 Constantini
1585 2078 1675 2133 uirtuti
1690 2080 1796 2134 censuit

172 2159 246 2200 ΜΝ
257 2140 470 2200 C⁰d⁸¹⁰l¹li⁰mill
481 2146 670 2200 ”illlimm'lm
685 2144 785 2202 ¹⁴f⁶¹⁹l¹f⁰
798 2145 940 2203 dimidie·
989 2175 1051 2218 esse
1064 2161 1247 2218 tribuendum.
1264 2164 1398 2222 Praeterea
1421 2167 1538 2222 Cecilins
1561 2176 1652 2224 noster
1672 2167 1794 2225 declarat

172 2238 226 2306 ²5¹·
250 2254 280 2293 ⁰⁶
299 2238 331 2294 de
344 2239 460 2293 didimia
474 2238 506 2294 ‘li
525 2248 633 2311 ”lmine
651 2239 798 2297 ‘diffudisti
817 2239 940 2298 3⁶⁶¹&oe
988 2252 1062 2310 bunc
1076 2255 1236 2325 ipstrntesse
1251 2257 1650 2330 notanustitutunuquunattt
1673 2258 1796 2316 Muciani·

173 2347 238 2402 ΡΜ
247 2372 254 2398 2
269 2347 301 2387 ⁰⁶
315 2332 510 2404 lisslilil'ffildll·
989 2365 1038 2404 arua
1049 2350 1210 2416 vindicabat,
1226 2351 1301 2406 solus
1314 2349 1385 2407 baud
1400 2350 1499 2419 dubie,
1515 2361 1544 2408 et
1554 2363 1652 2421 prater
1664 2352 1734 2407 alios
1745 2353 1798 2408 int·

439 1761 583 1804 temenitis
600 1762 637 1804 Vi·

171 2443 237 2500 Post
256 2444 394 2502 victoriam
414 2447 448 2503 de
462 2446 613 2516 Maxentio,
628 2463 681 2503 non
696 2450 756 2505 sine
776 2464 873 2520 magno
888 2450 940 2505 rni-
989 2451 1140 2514 peratores.
1155 2444 1238 2515 Atqui
1248 2444 1295 2501 ille
1303 2444 1425 2515 prolecto
1440 2445 1512 2501 bunc
1523 2446 1628 2501 titulum
1645 2446 1796 2518 adsumpsit

133 2536 231 2593 raculo
244 2545 421 2608 reportatam,
431 2536 625 2596 Constantinus
638 2556 699 2597 cum
711 2554 816 2596 summa
828 2551 939 2598 senatus
989 2534 1068 2608 primi
1084 2536 1254 2607 imperatoris
1264 2578 1272 2604 .
1284 2536 1502 2608 quarrdnquidem
1520 2547 1584 2594 ante
1607 2538 1668 2594 illos
1683 2553 1791 2602 omnes.

134 2628 285 2699 populique
306 2629 421 2686 Rotnani
435 2632 527 2688 letitia
543 2632 636 2689 borne
658 2644 799 2705 consaeptus
814 2643 866 2689 eet.
882 2635 937 2692 sed
989 2637 1016 2683 nr
1027 2627 1084 2699 jam
1098 2628 1215 2686 diximus
1226 2672 1234 2695 ‚
1247 2639 1356 2686 creatus
1370 2628 1457 2686 tuerat
1467 2629 1569 2686 caesar.
1585 2629 1677 2701 Nenos
1692 2629 1795 2687 dixeris

133 2720 210 2778 branc
224 2722 299 2780 illini
310 2725 457 2796 gloriosum
469 2726 495 2782 in
506 2725 606 2783 Urbem
621 2727 838 2799 ingressnm‚vel
849 2728 937 2800 potius
988 2721 1096 2791 qttattdo
1121 2721 1185 2777 illud
1208 2733 1317 2779 senatus
1341 2723 1454 2779 Rormani
1480 2724 1617 2779 decretum
1649 2724 1795 2782 Maximino

134 2814 324 2887 triumphum,
339 2818 379 2874 sic
394 2816 538 2889 descripsit
551 2820 670 2876 incertus
682 2819 836 2893 panegyrici
848 2821 936 2877 eidem
989 2814 1143 2870 odibilium
1158 2826 1216 2882 0⁸¹,
1233 2831 1294 2873 clim
1310 2826 1385 2873 ¹³¹th
1400 2828 1465 2874 {⁰¹¹0
1487 2820 1622 2874 exarsisse
1637 2817 1748 2885 d0l⁰iet
1766 2829 1796 2874 ¹¹1

133 2901 316 2963 Constantino
335 2907 400 2964 dieti
418 2920 513 2965 erretur
528 2928 534 2964 :
551 2929 561 2963 r
580 2910 662 2968 Tecta
688 2916 764 2982 lpse,
788 2920 818 2968 nr
838 2912 935 2979 aredio,
989 2905 1147 2962 ininticitias
1161 2918 1254 2980 aperte
1266 2908 1423 2981 professus,
1438 2911 1553 2964 conuicio
1564 2910 1633 2980 jocis
1646 2910 1743 2977 aristo,
1756 2912 1795 2966 ait

134 2998 321 3066 commovent,
336 3008 363 3056 et
377 2999 492 3056 altitudo
505 3001 653 3059 eatmtnnm
668 3003 810 3059 uideuatur
831 3003 935 3073 atrottt,
987 2993 1121 3064 Grotius,
1142 3000 1265 3055 neaerae
1278 3002 1457 3072 imperatorem
1478 3001 1621 3056 mearum
1632 3001 1753 3072 ,dicerem
1767 3001 1794 3057 at

134 3100 308 3160 quacumque
326 3089 430 3147 Mnmen
456 3100 531 3148 terrm
549 3092 627 3160 tardo
639 3095 777 3152 molimine
790 3111 885 3152 carpens
895 3097 937 3151 in.
986 3096 1107 3152 osteum
1119 3091 1286 3148 amarulenta
1297 3092 1424 3148 irrisione
1436 3093 1577 3147 mamona
1589 3092 1748 3162 appellaret,
1764 3102 1793 3147 ut

136 3179 308 3238 roboretur:
325 3191 400 3240 taram
420 3193 447 3240 re
471 3186 561 3256 papati
581 3185 719 3254 amastrae,
736 3197 808 3243 tanta
830 3183 976 3248 serratusc
992 3177 1044 3236 boc
1057 3182 1181 3238 contricio
1196 3183 1340 3238 insultaret
1352 3182 1475 3239 Romano
1489 3184 1607 3249 senatui,
1621 3184 1667 3255 qui
1677 3185 1702 3240 ei
1716 3185 1794 3254 priuati

134 3271 250 3342 stipatio
270 3274 434 3345 provehebat
450 3276 572 3333 simulet
592 3277 732 3334 attinebat.
749 3279 869 3349 Felices,
895 3278 942 3352 qni
994 3273 1123 3337 nononis,
1139 3273 1199 3330 sive
1212 3276 1499 3346 imperatoristitulum
1514 3275 1550 3330 ob
1561 3276 1687 3331 uirtutem
1699 3275 1794 3332 decre·

137 3373 166 3420 tc
179 3367 493 3447 propiusadsplcerent,
518 3370 625 3441 longius
646 3371 723 3440 positi
748 3371 941 3436 nominabant;

134 3472 207 3529 ortos
228 3459 574 3533 „teneraetenerae
596 3471 812 3530 occupauerant,
829 3463 943 3532 poenite·

133 3549 194 3607 bat.
210 3550 335 3608 Vicissim
357 3567 452 3610 ornnes
464 3553 527 3610 inde
540 3554 689 3618 discedere,
702 3555 765 3610 binc
777 3555 869 3625 senni3
882 3568 942 3612 cer·

134 3652 197 3699 tare
217 3644 421 3700 innumerabilis
435 3644 594 3710 multitudo,
610 3654 636 3700 ct
650 3646 766 3715 impulsu
786 3646 862 3700 vario
876 3645 942 3701 baro·

132 3742 230 3800 tuare,
251 3744 280 3792 et
304 3743 406 3791 mutum
431 3736 480 3792 sibi
507 3735 646 3792 bnntiuum
673 3737 755 3792 artitni
781 3744 842 3809 post
868 3737 940 3793 illum

132 3828 260 3885 sexennii
275 3829 378 3886 cladem
395 3845 539 3902 superesse
554 3831 751 3888 memorabant.
772 3831 837 3887 Ausi
858 3831 940 3887 etiam

132 3919 265 3991 paridam,
281 3929 310 3975 ut
321 3922 479 3989 resisteres,
493 3936 621 3993 poscere,
637 3934 665 3979 et
678 3924 753 3994 oneri
765 3932 818 3978 tant
829 3924 883 3979 cito
895 3938 942 3979 ac·

132 4014 254 4070 cessisse
269 4012 412 4084 palatium,
428 4023 530 4071 etcum
547 4016 684 4086 ingressus
707 4031 799 4082 esses,
816 4031 871 4072 uon
893 4030 940 4070 so·

133 4103 193 4160 lum
208 4106 293 4160 oculis
318 4107 408 4176 scotti,
429 4107 476 4162 sed
500 4109 570 4177 aterne
590 4108 671 4164 etiam
689 4123 795 4164 sacrum
810 4108 891 4163 litnen
905 4110 942 4164 ir·

132 4213 275 4268 rumpere.
293 4198 357 4254 lade
379 4200 506 4256 omnibns
530 4200 717 4266 circumfusis,
731 4209 760 4255 ut
777 4200 849 4256 unde
862 4215 941 4256 exce·

133 4291 233 4353 dores,
248 4291 381 4361 opperiri,
396 4291 567 4362 prospicere,
584 4301 695 4361 optare,
712 4307 842 4364 sperare,
854 4301 883 4348 ut
899 4292 940 4348 ei·

132 4382 266 4438 darentur
279 4398 352 4452 euru,
366 4398 381 4438 a
394 4401 448 4455 qtro
459 4383 600 4441 obsidione
615 4384 718 4441 liberati
734 4383 852 4452 lucrant,
867 4384 941 4440 obsi·

993 3375 1079 3420 uerat
1095 3364 1161 3420 Nam
1174 3367 1291 3423 Catilius
1303 3368 1377 3425 illum
1393 3386 1446 3424 nunu
1467 3369 1590 3438 ejusdem
1603 3378 1729 3436 senatus,
1745 3370 1793 3425 sed

993 3457 1051 3511 suis
1064 3456 1154 3512 verbis
1167 3459 1307 3513 maximum
1332 3475 1504 3529 uurtcupasse
1518 3461 1610 3529 procul
1625 3461 1707 3517 «lubio
1721 3461 1795 3516 tride-

994 3556 1053 3612 tur;
1064 3546 1127 3616 utria
1138 3548 1244 3602 exintiis
1254 3549 1311 3604 suis
1322 3549 1464 3605 virtutibus
1476 3565 1528 3605 nou
1539 3552 1627 3607 solunt
1639 3552 1792 3618 Maximino,

992 3637 1040 3695 sed
1056 3639 1117 3694 aliis
1130 3640 1211 3695 etiam
1227 3642 1352 3697 omnibus
1366 3642 1555 3698 antecellebat.

1029 3730 1093 3787 Post
1107 3730 1165 3786 bec
1178 3746 1242 3788 vero
1256 3733 1496 3804 praestantissimus
1509 3732 1555 3788 ille
1574 3733 1615 3788 vir
1626 3748 1672 3790 res
1684 3735 1711 3790 in
1725 3733 1795 3792 urbe

992 3821 1078 3878 Monta
1088 3825 1258 3893 composuit,
1273 3825 1498 3896 queamdmodum
1512 3835 1603 3882 narrat
1615 3825 1733 3883 Cecilirm
1745 3843 1795 3885 no·

993 3925 1043 3982 ter,
1067 3917 1109 3972 cui
1135 3915 1280 3984 zozimae,
1307 3917 1452 3984 Eusebius,
1475 3919 1574 3988 aliterue
1600 3917 1791 3991 suffragantur.

992 4009 1069 4067 Scire
1082 4020 1172 4068 autem
1199 4012 1221 4068 si
1235 4012 1329 4083 cupias
1344 4013 1471 4084 qttattttliu
1482 4013 1516 4069 ad
1531 4028 1578 4069 eas
1591 4013 1795 4084 componendas

992 4103 1086 4159 Romae
1099 4104 1245 4171 manserit,
1268 4105 1329 4161 audi
1341 4147 1348 4173 ,
1362 4121 1472 4177 queso,
1488 4105 1630 4162 Nazarium
1642 4123 1650 4159 :
1663 4105 1796 4178 Quidquid

991 4196 1069 4262 moli,
1086 4196 1190 4267 iuqttit,
1205 4201 1327 4253 sausoio
1341 4209 1394 4253 toto
1408 4199 1550 4254 dotuiuutio
1564 4199 1669 4269 taulis,
1686 4198 1796 4256 blaten·

992 4289 1032 4358 tii,
1046 4291 1195 4361 tuomum,
1208 4293 1334 4347 birttestris
1349 4296 1402 4361 fere
1415 4309 1478 4347 curo
1491 4293 1602 4347 aotroot't.
1625 4291 1699 4348 batos
1714 4292 1795 4365 igitur

990 4380 1099 4436 circiter
1112 4396 1221 4437 menses
1231 4381 1424 4438 Constantinus
1437 4382 1531 4438 Romae
1544 4392 1728 4438 commoratus
1740 4391 1793 4450 est,

131 4473 213 4529 dere.
233 4493 243 4523 a
260 4474 389 4531 Macarius
404 4490 469 4532 nero
483 4494 490 4530 a
505 4494 515 4528 r
530 4475 640 4543 Nullus,
656 4476 753 4547 inquit,
766 4483 827 4547 post
837 4474 939 4532 Urbem
990 4473 1118 4530 uidelicet
1132 4475 1263 4546 usquead
1278 4474 1314 4531 28
1328 4476 1399 4532 diem
1415 4474 1572 4533 Decembris
1584 4475 1647 4530 antri
1661 4475 1728 4541 sta,
1742 4474 1798 4531 sic-

132 4566 290 4638 cunditam,
316 4570 374 4625 dics
398 4568 520 4626 Romano
536 4568 625 4625 illusit
644 4567 778 4638 imperio,
794 4568 871 4638 cujus
884 4577 938 4624 tam
952 4560 978 4622 D
992 4567 1029 4621 uti
1050 4567 1193 4637 peritiores
1214 4566 1414 4639 chronographi
1434 4566 1607 4623 adnotarunt.
1624 4565 1718 4637 Meque
1733 4566 1796 4623 ltuic

132 4657 240 4726 effusa,
255 4668 364 4733 eantque
378 4662 491 4732 insignis
499 4657 644 4732 emtulatio
654 4669 700 4715 aut
716 4659 812 4724 luerit,
823 4667 940 4717 autesse
991 4660 1112 4729 opinioni
1126 4660 1304 4716 adversantur
1314 4660 1375 4716 dum
1388 4661 1480 4728 leges,
1499 4658 1643 4716 abeodem
1663 4659 1797 4715 Constan-

132 4749 278 4817 debncrit3
293 4752 360 4807 nulli
374 4761 427 4807 tarta
442 4752 495 4807 lati
508 4751 647 4823 triumphi,
663 4764 730 4821 quos
741 4749 877 4806 annalium
890 4765 939 4806 re·
993 4750 1050 4806 tino
1066 4749 1158 4807 liomae
1174 4754 1350 4825 promulgatae
1363 4754 1397 4809 lii
1416 4750 1547 4808 kalendas
1560 4750 1713 4808 Februarii.
1729 4750 1797 4807 Mam

133 4850 224 4896 tostas
235 4851 410 4899 consecratos
423 4844 449 4898 in
466 4842 565 4899 litteris
588 4843 679 4899 babet.
697 4861 707 4896 a
724 4841 803 4898 Plura
829 4841 865 4899 ibi
892 4843 939 4899 ille
992 4839 1019 4896 in
1034 4841 1076 4895 bis
1090 4842 1195 4913 legibus
1205 4842 1327 4899 additum
1338 4853 1380 4899 est
1390 4842 1420 4899 P.
1434 4842 1478 4912 P.,
1489 4843 1515 4898 itl
1526 4852 1579 4909 est,
1589 4842 1616 4898 in
1631 4845 1697 4898 urbe
1710 4842 1797 4898 Roma

132 4929 171 4987 de
192 4932 289 4988 eodem
312 4934 465 5007 triumphali
491 4935 632 5005 ingressu,
649 4934 718 4989 sicut
740 4941 768 4989 et
782 4933 936 5000 Eusebius,
992 4936 1153 5007 propositae,
1167 4950 1216 4992 seu
1231 4937 1384 5007 publicatae.
1398 4941 1433 4991 ut
1453 4937 1488 4990 ibi
1510 4935 1622 5005 proponi
1636 4943 1798 5006 potuerunt,

132 5039 198 5096 quac
211 5025 320 5097 quidem
334 5026 516 5082 transcribere
531 5024 639 5097 longius
653 5024 737 5094 loret,
751 5032 834 5097 atque
847 5024 873 5080 iu
887 5038 937 5081 eo·
988 5036 1132 5097 postnmm
1145 5027 1339 5084 Constantinus
1349 5029 1406 5099 jam
1420 5026 1483 5083 iude
1491 5026 1671 5083 discessisset.
1685 5027 1720 5083 tit
1732 5043 1799 5085 uero

132 5132 198 5175 rom
212 5117 290 5173 libris
301 5117 428 5175 facillime
443 5117 494 5189 legi
510 5125 630 5188 possum.
993 5115 1111 5174 Cecilius
1125 5128 1219 5174 noster
1229 5118 1305 5191 (cop.
1318 5118 1370 5192 ts)
1383 5118 1441 5173 baec
1458 5117 1626 5190 totidemque
1638 5118 1721 5174 verba
1731 5134 1797 5176 con-

174 5208 269 5281 Meque
279 5224 360 5282 porro
373 5220 484 5267 senatos
499 5209 636 5265 Romanus
647 5209 714 5264 satis
723 5223 785 5264 esse
795 5208 874 5264 duxit
883 5216 943 5264 tan·
994 5212 1113 5268 tinenter
1126 5210 1286 5281 subiunxit:
1302 5209 1403 5282 Mpeme
1413 5210 1534 5282 prosimu
1548 5208 1729 5269 Mediolanum
1738 5229 1801 5270 cou-

134 5300 174 5358 tis
190 5301 339 5357 bonoribus
357 5299 484 5357 allecisse
497 5298 717 5363 (ἶοιιειιιιιίιιιιιιι,
729 5299 777 5355 sed
792 5299 844 5370 ipsi
859 5299 941 5354 etiam
995 5303 1087 5360 tandit.

132 5387 241 5448 uirtutis
250 5393 336 5465 pratia
349 5394 427 5466 primi
439 5393 569 5458 montinio,
584 5398 615 5448 ut
626 5391 744 5463 loquitur
762 5390 896 5458 Cecillus,
910 5391 944 5447 ti·
1030 5397 1070 5454 Mai
1081 5404 1171 5452 aomar
1184 5396 1345 5469 promissam
1359 5394 1465 5452 Licinio
1477 5392 1662 5452 Constantiam
1674 5407 1799 5451 sororem

133 5486 222 5542 tratum
235 5489 355 5544 deuouit.
379 5486 432 5545 Sed
445 5486 509 5558 quid
531 5486 574 5542 bis
588 5485 678 5542 verbis
697 5484 872 5556 significetur,
888 5498 941 5539 uon
993 5502 1072 5544 suam
1086 5486 1224 5545 connubio
1239 5486 1362 5544 sociarit.
1382 5485 1507 5542 zozimus
1525 5500 1591 5541 vero
1611 5484 1707 5542 scribit
1728 5483 1801 5542 Con·

133 5597 191 5641 una
206 5591 250 5640 est
270 5583 392 5640 omniurn
406 5582 510 5654 opinio.
526 5580 654 5639 Monntrtli
667 5582 766 5653 qnippe
786 5586 881 5650 putant
894 5576 943 5635 de-
994 5579 1143 5634 stantinnm
1164 5578 1286 5649 Licinio,
1301 5577 1480 5636 Mediolanum
1502 5576 1653 5643 accersito,
1676 5589 1801 5633 sororem
1873 5574 1875 5578 ’

132 5675 241 5748 signari
254 5689 354 5733 nomen
376 5683 404 5732 et
416 5673 523 5731 titulum
546 5671 672 5738 Maximi,
689 5672 760 5746 quud
776 5680 840 5727 tunc
867 5669 943 5727 Con·
993 5682 1070 5725 suam
1085 5669 1270 5727 Constantiam
1292 5671 1459 5736 collocasse,
1484 5683 1566 5740 quam
1588 5677 1667 5724 antea
1683 5681 1713 5724 se
1725 5667 1804 5726 datut

133 5769 469 5838 stantiuorirtutisgrntia
480 5766 619 5825 decretum
629 5765 788 5828 seniorum
799 5763 941 5824 enimvero
992 5779 1054 5823 rum
1069 5764 1241 5836 promiserat.
1255 5765 1366 5827 Testem
1377 5765 1460 5824 alium
1474 5764 1498 5822 si
1507 5760 1666 5829 desideras,
1681 5776 1715 5819 en
1725 5762 1804 5822 adest
