<?xml version="1.0" encoding="UTF-8"?>
<!DOCTYPE html PUBLIC "-//W3C//DTD XHTML 1.0 Transitional//EN"
    "http://www.w3.org/TR/xhtml1/DTD/xhtml1-transitional.dtd">
<html xmlns="http://www.w3.org/1999/xhtml" xml:lang="en" lang="en">
 <head>
  <title>
</title>
<meta http-equiv="Content-Type" content="text/html;charset=utf-8" />
  <meta name='ocr-system' content='tesseract 3.04.00' />
  <meta name='ocr-capabilities' content='ocr_page ocr_carea ocr_par ocr_line ocrx_word'/>
</head>
<body>
  <div class='ocr_page' id='page_1' title='image "./patrologiaecurs159unkngoog_0431.png"; bbox 0 0 4142 6184; ppageno 0'>
   <div class='ocr_carea' id='block_1_1' title="bbox 154 261 1814 336">
    <p class='ocr_par' dir='ltr' id='par_1_1' title="bbox 154 261 1814 336">
     <span class='ocr_line' id='line_1_1' title="bbox 154 261 1814 336; baseline 0.003 -13"><span class='ocrx_word' id='word_1_1' title='bbox 154 263 208 323; x_wconf 70' lang='lat'><strong>853</strong></span> <span class='ocrx_word' id='word_1_2' title='bbox 524 261 677 325; x_wconf 81' lang='lat' dir='ltr'><strong>oissrritr.</strong></span> <span class='ocrx_word' id='word_1_3' title='bbox 698 264 733 324; x_wconf 83' lang='lat' dir='ltr'><strong>itt</strong></span> <span class='ocrx_word' id='word_1_4' title='bbox 751 264 818 327; x_wconf 78' lang='lat' dir='ltr'><strong>bib.</strong></span> <span class='ocrx_word' id='word_1_5' title='bbox 842 263 885 324; x_wconf 80' lang='lat' dir='ltr'><strong>oli</strong></span> <span class='ocrx_word' id='word_1_6' title='bbox 904 262 1079 324; x_wconf 72' lang='lat' dir='ltr'><strong>subiistis</strong></span> <span class='ocrx_word' id='word_1_7' title='bbox 1098 263 1290 324; x_wconf 71' lang='lat' dir='ltr'><strong>censebor.</strong></span> <span class='ocrx_word' id='word_1_8' title='bbox 1310 265 1399 336; x_wconf 68' lang='lat' dir='ltr'><strong>cami</strong></span> <span class='ocrx_word' id='word_1_9' title='bbox 1410 264 1442 323; x_wconf 86' lang='lat' dir='ltr'><strong>ii.</strong></span> <span class='ocrx_word' id='word_1_10' title='bbox 1760 269 1814 330; x_wconf 80' lang='lat' dir='ltr'><strong>stis</strong></span> 
     </span>
    </p>
   </div>
   <div class='ocr_carea' id='block_1_2' title="bbox 153 376 1823 2125">
    <p class='ocr_par' dir='ltr' id='par_1_2' title="bbox 153 376 1823 2125">
     <span class='ocr_line' id='line_1_2' title="bbox 155 376 1817 452; baseline 0.002 -17"><span class='ocrx_word' id='word_1_11' title='bbox 155 376 321 435; x_wconf 87' lang='lat' dir='ltr'><strong>eirrlstianns</strong></span> <span class='ocrx_word' id='word_1_12' title='bbox 333 392 367 435; x_wconf 83' lang='lat' dir='ltr'><strong>ex</strong></span> <span class='ocrx_word' id='word_1_13' title='bbox 381 378 482 450; x_wconf 87' lang='lat' dir='ltr'><strong>palatio</strong></span> <span class='ocrx_word' id='word_1_14' title='bbox 495 394 544 438; x_wconf 89' lang='lat' dir='ltr'><strong>sno</strong></span> <span class='ocrx_word' id='word_1_15' title='bbox 557 394 628 438; x_wconf 86' lang='lat' dir='ltr'><strong>anno</strong></span> <span class='ocrx_word' id='word_1_16' title='bbox 647 379 701 442; x_wconf 78' lang='lat' dir='ltr'><strong>alu</strong></span> <span class='ocrx_word' id='word_1_17' title='bbox 712 424 719 449; x_wconf 98' lang='lat'><strong>,</strong></span> <span class='ocrx_word' id='word_1_18' title='bbox 732 389 777 442; x_wconf 90' lang='lat' dir='ltr'><strong>aot</strong></span> <span class='ocrx_word' id='word_1_19' title='bbox 790 377 844 440; x_wconf 75' lang='grc' dir='ltr'><strong>3ιο</strong></span> <span class='ocrx_word' id='word_1_20' title='bbox 856 378 955 452; x_wconf 80' lang='lat' dir='ltr'><strong>eiecit,</strong></span> <span class='ocrx_word' id='word_1_21' title='bbox 969 381 996 444; x_wconf 76' lang='grc' dir='ltr'><strong>Α</strong></span> <span class='ocrx_word' id='word_1_22' title='bbox 1008 388 1051 438; x_wconf 91' lang='lat' dir='ltr'><strong>est</strong></span> <span class='ocrx_word' id='word_1_23' title='bbox 1061 379 1238 438; x_wconf 84' lang='lat' dir='ltr'><strong>clarissimam</strong></span> <span class='ocrx_word' id='word_1_24' title='bbox 1246 380 1310 438; x_wconf 89' lang='lat' dir='ltr'><strong>olim</strong></span> <span class='ocrx_word' id='word_1_25' title='bbox 1319 380 1391 452; x_wconf 88' lang='lat' dir='ltr'><strong>apud</strong></span> <span class='ocrx_word' id='word_1_26' title='bbox 1405 379 1542 439; x_wconf 84' lang='lat' dir='ltr'><strong>lionanos</strong></span> <span class='ocrx_word' id='word_1_27' title='bbox 1551 380 1635 444; x_wconf 85' lang='lat' dir='ltr'><strong>tuisse</strong></span> <span class='ocrx_word' id='word_1_28' title='bbox 1644 381 1817 446; x_wconf 80' lang='lat' dir='ltr'><strong>Cacillnrnm</strong></span> 
     </span>
     <span class='ocr_line' id='line_1_3' title="bbox 155 469 1818 550; baseline 0.005 -23"><span class='ocrx_word' id='word_1_29' title='bbox 155 480 236 544; x_wconf 79' lang='lat' dir='ltr'><strong>atque</strong></span> <span class='ocrx_word' id='word_1_30' title='bbox 247 470 313 528; x_wconf 89' lang='lat' dir='ltr'><strong>inde</strong></span> <span class='ocrx_word' id='word_1_31' title='bbox 326 469 486 530; x_wconf 70' lang='lat' dir='ltr'>eruditiores</span> <span class='ocrx_word' id='word_1_32' title='bbox 499 472 585 530; x_wconf 90' lang='lat' dir='ltr'><strong>critici</strong></span> <span class='ocrx_word' id='word_1_33' title='bbox 598 472 701 530; x_wconf 85' lang='lat' dir='ltr'><strong>ducunt</strong></span> <span class='ocrx_word' id='word_1_34' title='bbox 714 472 913 545; x_wconf 71' lang='lat' dir='ltr'>persecutionis</span> <span class='ocrx_word' id='word_1_35' title='bbox 923 471 958 529; x_wconf 89' lang='lat' dir='ltr'><strong>ab</strong></span> <span class='ocrx_word' id='word_1_36' title='bbox 1009 481 1128 546; x_wconf 74' lang='lat' dir='ltr'><strong>pentem,</strong></span> <span class='ocrx_word' id='word_1_37' title='bbox 1145 488 1179 532; x_wconf 90' lang='lat' dir='ltr'><strong>ex</strong></span> <span class='ocrx_word' id='word_1_38' title='bbox 1194 487 1246 546; x_wconf 91' lang='lat' dir='ltr'><strong>qua</strong></span> <span class='ocrx_word' id='word_1_39' title='bbox 1261 487 1364 540; x_wconf 87' lang='lat' dir='ltr'><strong>omncs,</strong></span> <span class='ocrx_word' id='word_1_40' title='bbox 1388 483 1520 550; x_wconf 88' lang='lat' dir='ltr'><strong>quotquot</strong></span> <span class='ocrx_word' id='word_1_41' title='bbox 1532 475 1585 532; x_wconf 89' lang='lat' dir='ltr'><strong>orti</strong></span> <span class='ocrx_word' id='word_1_42' title='bbox 1599 486 1701 543; x_wconf 82' lang='lat' dir='ltr'><strong>essent,</strong></span> <span class='ocrx_word' id='word_1_43' title='bbox 1717 492 1818 538; x_wconf 82' lang='lat' dir='ltr'><strong>nomen</strong></span> 
     </span>
     <span class='ocr_line' id='line_1_4' title="bbox 157 563 1819 641; baseline 0 -18"><span class='ocrx_word' id='word_1_44' title='bbox 157 582 190 623; x_wconf 91' lang='lat' dir='ltr'><strong>eo</strong></span> <span class='ocrx_word' id='word_1_45' title='bbox 204 567 328 623; x_wconf 77' lang='lat' dir='ltr'><strong>excitatas</strong></span> <span class='ocrx_word' id='word_1_46' title='bbox 342 566 460 624; x_wconf 85' lang='lat' dir='ltr'><strong>initium.</strong></span> <span class='ocrx_word' id='word_1_47' title='bbox 476 566 591 625; x_wconf 85' lang='lat' dir='ltr'><strong>Cecilins</strong></span> <span class='ocrx_word' id='word_1_48' title='bbox 608 570 698 641; x_wconf 89' lang='lat' dir='ltr'><strong>itaque</strong></span> <span class='ocrx_word' id='word_1_49' title='bbox 719 570 790 625; x_wconf 88' lang='lat' dir='ltr'><strong>intra</strong></span> <span class='ocrx_word' id='word_1_50' title='bbox 807 567 887 640; x_wconf 84' lang='lat' dir='ltr'><strong>hujus</strong></span> <span class='ocrx_word' id='word_1_51' title='bbox 905 567 958 626; x_wconf 72' lang='grc' dir='ltr'><strong>ιιι</strong></span> <span class='ocrx_word' id='word_1_52' title='bbox 1010 564 1176 638; x_wconf 78' lang='lat' dir='ltr'><strong>accipiebant</strong></span> <span class='ocrx_word' id='word_1_53' title='bbox 1188 563 1413 635; x_wconf 72' lang='lat' dir='ltr'><strong>Caeciliiaddito,</strong></span> <span class='ocrx_word' id='word_1_54' title='bbox 1425 576 1454 622; x_wconf 91' lang='grc' dir='ltr'><strong>ιιι</strong></span> <span class='ocrx_word' id='word_1_55' title='bbox 1467 581 1483 622; x_wconf 92' lang='lat' dir='ltr'><strong>a</strong></span> <span class='ocrx_word' id='word_1_56' title='bbox 1497 566 1652 624; x_wconf 79' lang='lat' dir='ltr'><strong>seinvicem</strong></span> <span class='ocrx_word' id='word_1_57' title='bbox 1667 567 1819 641; x_wconf 73' lang='lat' dir='ltr'><strong>distingne·</strong></span> 
     </span>
     <span class='ocr_line' id='line_1_5' title="bbox 157 658 1817 733; baseline 0.002 -16"><span class='ocrx_word' id='word_1_58' title='bbox 157 670 185 717; x_wconf 88' lang='lat' dir='ltr'><strong>ct</strong></span> <span class='ocrx_word' id='word_1_59' title='bbox 199 659 254 718; x_wconf 71' lang='lat' dir='ltr'><strong>aab</strong></span> <span class='ocrx_word' id='word_1_60' title='bbox 265 660 328 715; x_wconf 92' lang='lat' dir='ltr'><strong>annl</strong></span> <span class='ocrx_word' id='word_1_61' title='bbox 344 660 473 731; x_wconf 87' lang='lat' dir='ltr'><strong>spatium,</strong></span> <span class='ocrx_word' id='word_1_62' title='bbox 490 661 563 718; x_wconf 87' lang='lat' dir='ltr'><strong>irone</strong></span> <span class='ocrx_word' id='word_1_63' title='bbox 575 661 671 719; x_wconf 91' lang='lat' dir='ltr'><strong>librum</strong></span> <span class='ocrx_word' id='word_1_64' title='bbox 682 662 843 733; x_wconf 77' lang='lat' dir='ltr'>composuit.</span> <span class='ocrx_word' id='word_1_65' title='bbox 1010 669 1114 727; x_wconf 87' lang='lat' dir='ltr'><strong>rentur,</strong></span> <span class='ocrx_word' id='word_1_66' title='bbox 1130 659 1273 731; x_wconf 79' lang='lat' dir='ltr'><strong>agnomine</strong></span> <span class='ocrx_word' id='word_1_67' title='bbox 1291 658 1392 731; x_wconf 89' lang='lat' dir='ltr'><strong>aliquo,</strong></span> <span class='ocrx_word' id='word_1_68' title='bbox 1416 668 1443 715; x_wconf 93' lang='lat' dir='ltr'><strong>et</strong></span> <span class='ocrx_word' id='word_1_69' title='bbox 1463 660 1608 728; x_wconf 86' lang='lat' dir='ltr'><strong>aliqnando</strong></span> <span class='ocrx_word' id='word_1_70' title='bbox 1621 660 1702 718; x_wconf 88' lang='lat' dir='ltr'><strong>etiam</strong></span> <span class='ocrx_word' id='word_1_71' title='bbox 1716 677 1817 733; x_wconf 80' lang='lat' dir='ltr'><strong>coguo-</strong></span> 
     </span>
     <span class='ocr_line' id='line_1_6' title="bbox 195 749 1817 826; baseline 0.002 -18"><span class='ocrx_word' id='word_1_72' title='bbox 195 755 254 823; x_wconf 83' lang='lat' dir='ltr'><strong>Quo</strong></span> <span class='ocrx_word' id='word_1_73' title='bbox 275 763 366 810; x_wconf 87' lang='lat' dir='ltr'><strong>antem</strong></span> <span class='ocrx_word' id='word_1_74' title='bbox 387 755 499 826; x_wconf 84' lang='lat' dir='ltr'><strong>praeeise</strong></span> <span class='ocrx_word' id='word_1_75' title='bbox 519 771 591 811; x_wconf 93' lang='lat' dir='ltr'><strong>anno</strong></span> <span class='ocrx_word' id='word_1_76' title='bbox 604 773 712 813; x_wconf 83' lang='lat' dir='ltr'><strong>matrum</strong></span> <span class='ocrx_word' id='word_1_77' title='bbox 733 756 854 812; x_wconf 89' lang='lat' dir='ltr'><strong>nltimam</strong></span> <span class='ocrx_word' id='word_1_78' title='bbox 869 757 894 812; x_wconf 92' lang='lat' dir='ltr'><strong>ei</strong></span> <span class='ocrx_word' id='word_1_79' title='bbox 909 756 959 812; x_wconf 89' lang='lat' dir='ltr'><strong>im·</strong></span> <span class='ocrx_word' id='word_1_80' title='bbox 1010 750 1094 805; x_wconf 67' lang='lat' dir='ltr'><strong>mins·</strong></span> <span class='ocrx_word' id='word_1_81' title='bbox 1124 749 1250 806; x_wconf 76' lang='lat' dir='ltr'>Pluribus</span> <span class='ocrx_word' id='word_1_82' title='bbox 1268 765 1376 821; x_wconf 72' lang='lat' dir='ltr'><strong>duoque</strong></span> <span class='ocrx_word' id='word_1_83' title='bbox 1401 762 1461 821; x_wconf 68' lang='lat' dir='ltr'><strong>post</strong></span> <span class='ocrx_word' id='word_1_84' title='bbox 1489 751 1634 810; x_wconf 79' lang='lat' dir='ltr'><strong>stabilitam</strong></span> <span class='ocrx_word' id='word_1_85' title='bbox 1657 753 1817 824; x_wconf 74' lang='lat' dir='ltr'><strong>religionem</strong></span> 
     </span>
     <span class='ocr_line' id='line_1_7' title="bbox 159 840 1821 922; baseline -0.001 -19"><span class='ocrx_word' id='word_1_86' title='bbox 159 846 297 918; x_wconf 72' lang='lat' dir='ltr'><strong>posuerit,</strong></span> <span class='ocrx_word' id='word_1_87' title='bbox 321 846 394 902; x_wconf 86' lang='lat' dir='ltr'><strong>dictu</strong></span> <span class='ocrx_word' id='word_1_88' title='bbox 421 862 486 904; x_wconf 89' lang='lat' dir='ltr'><strong>sane</strong></span> <span class='ocrx_word' id='word_1_89' title='bbox 512 847 657 904; x_wconf 78' lang='lat' dir='ltr'><strong>difficilius.</strong></span> <span class='ocrx_word' id='word_1_90' title='bbox 685 848 822 922; x_wconf 74' lang='lat' dir='ltr'><strong>Scriptum</strong></span> <span class='ocrx_word' id='word_1_91' title='bbox 845 864 960 921; x_wconf 89' lang='lat' dir='ltr'><strong>namque</strong></span> <span class='ocrx_word' id='word_1_92' title='bbox 1011 843 1186 904; x_wconf 73' lang='lat' dir='ltr'>christianam</span> <span class='ocrx_word' id='word_1_93' title='bbox 1208 859 1353 900; x_wconf 86' lang='lat' dir='ltr'><strong>eorumunu</strong></span> <span class='ocrx_word' id='word_1_94' title='bbox 1372 842 1422 898; x_wconf 89' lang='lat' dir='ltr'><strong>luit</strong></span> <span class='ocrx_word' id='word_1_95' title='bbox 1441 840 1541 899; x_wconf 83' lang='lat' dir='ltr'><strong>Caecilii</strong></span> <span class='ocrx_word' id='word_1_96' title='bbox 1555 859 1664 900; x_wconf 89' lang='lat' dir='ltr'><strong>nomeu.</strong></span> <span class='ocrx_word' id='word_1_97' title='bbox 1678 845 1821 902; x_wconf 83' lang='lat' dir='ltr'><strong>i&#39;alamsi-</strong></span> 
     </span>
     <span class='ocr_line' id='line_1_8' title="bbox 158 935 1819 1016; baseline 0.003 -27"><span class='ocrx_word' id='word_1_98' title='bbox 158 939 328 994; x_wconf 81' lang='lat' dir='ltr'><strong>sozomenus</strong></span> <span class='ocrx_word' id='word_1_99' title='bbox 347 936 417 1008; x_wconf 79' lang='lat' dir='ltr'><strong>(Lib.</strong></span> <span class='ocrx_word' id='word_1_100' title='bbox 440 955 449 993; x_wconf 88' lang='grc' dir='ltr'><strong>ι</strong></span> <span class='ocrx_word' id='word_1_101' title='bbox 476 937 578 994; x_wconf 78' lang='lat' dir='ltr'><strong>Histoe.</strong></span> <span class='ocrx_word' id='word_1_102' title='bbox 594 939 707 1008; x_wconf 64' lang='lat' dir='ltr'><strong>Erotes,</strong></span> <span class='ocrx_word' id='word_1_103' title='bbox 723 958 781 1012; x_wconf 76' lang='lat' dir='ltr'><strong>cap,</strong></span> <span class='ocrx_word' id='word_1_104' title='bbox 796 942 824 1008; x_wconf 80' lang='lat'><strong>7,</strong></span> <span class='ocrx_word' id='word_1_105' title='bbox 839 961 866 1016; x_wconf 71' lang='lat' dir='ltr'><strong>p,</strong></span> <span class='ocrx_word' id='word_1_106' title='bbox 882 939 959 1015; x_wconf 71' lang='grc' dir='ltr'>ιιι),</span> <span class='ocrx_word' id='word_1_107' title='bbox 1011 936 1119 1007; x_wconf 88' lang='lat' dir='ltr'><strong>quidem</strong></span> <span class='ocrx_word' id='word_1_108' title='bbox 1134 936 1247 992; x_wconf 77' lang='lat' dir='ltr'><strong>fecimus</strong></span> <span class='ocrx_word' id='word_1_109' title='bbox 1261 935 1405 1006; x_wconf 78' lang='lat' dir='ltr'><strong>quemdam</strong></span> <span class='ocrx_word' id='word_1_110' title='bbox 1429 936 1455 990; x_wconf 88' lang='lat' dir='ltr'><strong>in</strong></span> <span class='ocrx_word' id='word_1_111' title='bbox 1472 935 1579 990; x_wconf 79' lang='lat' dir='ltr'>Minucii</span> <span class='ocrx_word' id='word_1_112' title='bbox 1594 936 1690 994; x_wconf 87' lang='lat' dir='ltr'><strong>Felicis</strong></span> <span class='ocrx_word' id='word_1_113' title='bbox 1707 938 1819 994; x_wconf 82' lang='lat' dir='ltr'><strong>Octavio</strong></span> 
     </span>
     <span class='ocr_line' id='line_1_9' title="bbox 158 1027 1819 1104; baseline -0.003 -16"><span class='ocrx_word' id='word_1_114' title='bbox 158 1031 269 1101; x_wconf 86' lang='lat' dir='ltr'><strong>reliquit</strong></span> <span class='ocrx_word' id='word_1_115' title='bbox 283 1029 415 1085; x_wconf 86' lang='lat' dir='ltr'><strong>Licinium</strong></span> <span class='ocrx_word' id='word_1_116' title='bbox 432 1042 492 1101; x_wconf 88' lang='lat' dir='ltr'><strong>pust</strong></span> <span class='ocrx_word' id='word_1_117' title='bbox 505 1028 675 1087; x_wconf 80' lang='lat' dir='ltr'><strong>Cibalensem</strong></span> <span class='ocrx_word' id='word_1_118' title='bbox 690 1048 823 1104; x_wconf 65' lang='lat' dir='ltr'><strong>prienam,</strong></span> <span class='ocrx_word' id='word_1_119' title='bbox 845 1048 896 1103; x_wconf 89' lang='lat' dir='ltr'><strong>qua</strong></span> <span class='ocrx_word' id='word_1_120' title='bbox 912 1048 961 1088; x_wconf 91' lang='lat' dir='ltr'><strong>an·</strong></span> <span class='ocrx_word' id='word_1_121' title='bbox 1012 1028 1145 1085; x_wconf 88' lang='lat' dir='ltr'><strong>introduci</strong></span> <span class='ocrx_word' id='word_1_122' title='bbox 1157 1027 1306 1094; x_wconf 81' lang='lat' dir='ltr'><strong>cecitirnu,</strong></span> <span class='ocrx_word' id='word_1_123' title='bbox 1319 1027 1364 1099; x_wconf 90' lang='lat' dir='ltr'><strong>qni</strong></span> <span class='ocrx_word' id='word_1_124' title='bbox 1379 1027 1487 1097; x_wconf 86' lang='lat' dir='ltr'><strong>rejectis</strong></span> <span class='ocrx_word' id='word_1_125' title='bbox 1498 1027 1668 1084; x_wconf 86' lang='lat' dir='ltr'><strong>ethnicorum</strong></span> <span class='ocrx_word' id='word_1_126' title='bbox 1681 1028 1819 1100; x_wconf 73' lang='lat' dir='ltr'><strong>religioni·</strong></span> 
     </span>
     <span class='ocr_line' id='line_1_10' title="bbox 158 1120 1821 1195; baseline 0.001 -17"><span class='ocrx_word' id='word_1_127' title='bbox 158 1138 196 1178; x_wconf 90' lang='lat' dir='ltr'><strong>nn</strong></span> <span class='ocrx_word' id='word_1_128' title='bbox 208 1122 261 1177; x_wconf 76' lang='grc' dir='ltr'><strong>ὄιι</strong></span> <span class='ocrx_word' id='word_1_129' title='bbox 276 1135 369 1177; x_wconf 89' lang='lat' dir='ltr'><strong>mense</strong></span> <span class='ocrx_word' id='word_1_130' title='bbox 380 1121 483 1177; x_wconf 90' lang='lat' dir='ltr'><strong>octobri</strong></span> <span class='ocrx_word' id='word_1_131' title='bbox 504 1120 722 1189; x_wconf 83' lang='lat' dir='ltr'><strong>nConstantino,</strong></span> <span class='ocrx_word' id='word_1_132' title='bbox 738 1125 810 1180; x_wconf 88' lang='lat' dir='ltr'><strong>illins</strong></span> <span class='ocrx_word' id='word_1_133' title='bbox 825 1123 961 1181; x_wconf 84' lang='lat' dir='ltr'><strong>turchos·</strong></span> <span class='ocrx_word' id='word_1_134' title='bbox 1012 1124 1078 1187; x_wconf 87' lang='lat' dir='ltr'><strong>bus,</strong></span> <span class='ocrx_word' id='word_1_135' title='bbox 1103 1138 1170 1195; x_wconf 89' lang='lat' dir='ltr'><strong>quas</strong></span> <span class='ocrx_word' id='word_1_136' title='bbox 1195 1120 1343 1180; x_wconf 77' lang='lat' dir='ltr'><strong>defendere</strong></span> <span class='ocrx_word' id='word_1_137' title='bbox 1367 1122 1466 1178; x_wconf 88' lang='lat' dir='ltr'><strong>irnstra</strong></span> <span class='ocrx_word' id='word_1_138' title='bbox 1485 1129 1598 1178; x_wconf 80' lang='lat' dir='ltr'><strong>conotm</strong></span> <span class='ocrx_word' id='word_1_139' title='bbox 1621 1122 1720 1191; x_wconf 88' lang='lat' dir='ltr'><strong>inerat,</strong></span> <span class='ocrx_word' id='word_1_140' title='bbox 1746 1123 1821 1180; x_wconf 78' lang='lat' dir='ltr'><strong>cbri-</strong></span> 
     </span>
     <span class='ocr_line' id='line_1_11' title="bbox 158 1203 1818 1292; baseline 0.001 -20"><span class='ocrx_word' id='word_1_141' title='bbox 158 1225 198 1280; x_wconf 87' lang='lat' dir='ltr'><strong>te,</strong></span> <span class='ocrx_word' id='word_1_142' title='bbox 213 1216 300 1270; x_wconf 85' lang='lat' dir='ltr'><strong>rietus</strong></span> <span class='ocrx_word' id='word_1_143' title='bbox 312 1223 363 1281; x_wconf 86' lang='lat' dir='ltr'><strong>est,</strong></span> <span class='ocrx_word' id='word_1_144' title='bbox 379 1223 483 1292; x_wconf 84' lang='lat' dir='ltr'><strong>mutato</strong></span> <span class='ocrx_word' id='word_1_145' title='bbox 496 1230 609 1287; x_wconf 89' lang='lat' dir='ltr'><strong>prorsus</strong></span> <span class='ocrx_word' id='word_1_146' title='bbox 624 1219 724 1282; x_wconf 90' lang='lat' dir='ltr'><strong>animo,</strong></span> <span class='ocrx_word' id='word_1_147' title='bbox 734 1203 902 1275; x_wconf 44' lang='lat' dir='ltr'><strong>&#39;christianos</strong></span> <span class='ocrx_word' id='word_1_148' title='bbox 915 1233 961 1278; x_wconf 89' lang='lat' dir='ltr'><strong>eo·</strong></span> <span class='ocrx_word' id='word_1_149' title='bbox 1013 1218 1127 1274; x_wconf 89' lang='lat' dir='ltr'><strong>stianam</strong></span> <span class='ocrx_word' id='word_1_150' title='bbox 1148 1216 1335 1274; x_wconf 73' lang='lat' dir='ltr'><strong>lubentissime</strong></span> <span class='ocrx_word' id='word_1_151' title='bbox 1348 1217 1467 1287; x_wconf 78' lang='lat' dir='ltr'><strong>suscepit</strong></span> <span class='ocrx_word' id='word_1_152' title='bbox 1488 1215 1646 1289; x_wconf 76' lang='lat' dir='ltr'><strong>(Disamm.</strong></span> <span class='ocrx_word' id='word_1_153' title='bbox 1672 1217 1700 1270; x_wconf 83' lang='lat' dir='ltr'><strong>iu</strong></span> <span class='ocrx_word' id='word_1_154' title='bbox 1716 1215 1818 1274; x_wconf 77' lang='lat' dir='ltr'><strong>iliaco.</strong></span> 
     </span>
     <span class='ocr_line' id='line_1_12' title="bbox 163 1305 1819 1381; baseline -0.002 -17"><span class='ocrx_word' id='word_1_155' title='bbox 163 1322 279 1380; x_wconf 87' lang='lat' dir='ltr'><strong>rumque</strong></span> <span class='ocrx_word' id='word_1_156' title='bbox 300 1307 457 1364; x_wconf 77' lang='lat' dir='ltr'><strong>sacerdotes</strong></span> <span class='ocrx_word' id='word_1_157' title='bbox 477 1308 540 1365; x_wconf 90' lang='lat' dir='ltr'><strong>ideo</strong></span> <span class='ocrx_word' id='word_1_158' title='bbox 557 1310 639 1366; x_wconf 84' lang='lat' dir='ltr'><strong>uariis</strong></span> <span class='ocrx_word' id='word_1_159' title='bbox 659 1312 746 1381; x_wconf 87' lang='lat' dir='ltr'><strong>poenis</strong></span> <span class='ocrx_word' id='word_1_160' title='bbox 765 1310 909 1379; x_wconf 71' lang='lat' dir='ltr'><strong>alssixicse3</strong></span> <span class='ocrx_word' id='word_1_161' title='bbox 934 1320 963 1367; x_wconf 91' lang='grc' dir='ltr'><strong>ιιι</strong></span> <span class='ocrx_word' id='word_1_162' title='bbox 1012 1326 1071 1381; x_wconf 81' lang='lat' dir='ltr'><strong>cup.</strong></span> <span class='ocrx_word' id='word_1_163' title='bbox 1094 1308 1121 1375; x_wconf 92' lang='lat' dir='ltr'><strong>l,</strong></span> <span class='ocrx_word' id='word_1_164' title='bbox 1149 1318 1199 1364; x_wconf 85' lang='lat' dir='ltr'><strong>arr.</strong></span> <span class='ocrx_word' id='word_1_165' title='bbox 1225 1307 1264 1378; x_wconf 74' lang='grc' dir='ltr'><strong>ὅ).</strong></span> <span class='ocrx_word' id='word_1_166' title='bbox 1292 1309 1381 1365; x_wconf 83' lang='lat' dir='ltr'><strong>lilium</strong></span> <span class='ocrx_word' id='word_1_167' title='bbox 1400 1308 1489 1363; x_wconf 91' lang='lat' dir='ltr'><strong>adbne</strong></span> <span class='ocrx_word' id='word_1_168' title='bbox 1509 1306 1691 1377; x_wconf 81' lang='lat' dir='ltr'><strong>Hieronymus</strong></span> <span class='ocrx_word' id='word_1_169' title='bbox 1715 1305 1819 1379; x_wconf 76' lang='lat' dir='ltr'><strong>(Germ.</strong></span> 
     </span>
     <span class='ocr_line' id='line_1_13' title="bbox 159 1399 1818 1476; baseline 0 -20"><span class='ocrx_word' id='word_1_170' title='bbox 159 1401 249 1456; x_wconf 89' lang='lat' dir='ltr'><strong>cidem</strong></span> <span class='ocrx_word' id='word_1_171' title='bbox 271 1399 450 1457; x_wconf 82' lang='lat' dir='ltr'><strong>Constantino</strong></span> <span class='ocrx_word' id='word_1_172' title='bbox 474 1403 594 1471; x_wconf 89' lang='lat' dir='ltr'><strong>ipsorum</strong></span> <span class='ocrx_word' id='word_1_173' title='bbox 618 1404 715 1457; x_wconf 69' lang='lat' dir='ltr'><strong>irtutori</strong></span> <span class='ocrx_word' id='word_1_174' title='bbox 735 1413 842 1460; x_wconf 88' lang='lat' dir='ltr'><strong>crearet</strong></span> <span class='ocrx_word' id='word_1_175' title='bbox 863 1405 962 1459; x_wconf 89' lang='lat' dir='ltr'><strong>moles·</strong></span> <span class='ocrx_word' id='word_1_176' title='bbox 1014 1403 1111 1476; x_wconf 85' lang='lat' dir='ltr'><strong>Seript.</strong></span> <span class='ocrx_word' id='word_1_177' title='bbox 1124 1401 1224 1460; x_wconf 74' lang='lat' dir='ltr'><strong>decies.</strong></span> <span class='ocrx_word' id='word_1_178' title='bbox 1237 1419 1294 1476; x_wconf 78' lang='lat' dir='ltr'><strong>cop.</strong></span> <span class='ocrx_word' id='word_1_179' title='bbox 1306 1404 1352 1470; x_wconf 79' lang='lat' dir='ltr'><strong>bl,</strong></span> <span class='ocrx_word' id='word_1_180' title='bbox 1369 1420 1428 1475; x_wconf 83' lang='lat' dir='ltr'><strong>pop.</strong></span> <span class='ocrx_word' id='word_1_181' title='bbox 1441 1402 1516 1473; x_wconf 85' lang='grc' dir='ltr'>ιι9),</span> <span class='ocrx_word' id='word_1_182' title='bbox 1530 1410 1663 1460; x_wconf 87' lang='lat' dir='ltr'><strong>memorat</strong></span> <span class='ocrx_word' id='word_1_183' title='bbox 1677 1399 1818 1460; x_wconf 76' lang='lat' dir='ltr'><strong>Casilinum</strong></span> 
     </span>
     <span class='ocr_line' id='line_1_14' title="bbox 158 1491 1821 1568; baseline 0.002 -22"><span class='ocrx_word' id='word_1_184' title='bbox 158 1494 237 1549; x_wconf 85' lang='lat' dir='ltr'><strong>tiam.</strong></span> <span class='ocrx_word' id='word_1_185' title='bbox 255 1493 331 1548; x_wconf 83' lang='lat' dir='ltr'><strong>Tune</strong></span> <span class='ocrx_word' id='word_1_186' title='bbox 353 1506 418 1564; x_wconf 81' lang='lat' dir='ltr'><strong>erpo</strong></span> <span class='ocrx_word' id='word_1_187' title='bbox 431 1494 553 1565; x_wconf 87' lang='lat' dir='ltr'><strong>eoepitin</strong></span> <span class='ocrx_word' id='word_1_188' title='bbox 570 1495 631 1549; x_wconf 89' lang='lat' dir='ltr'><strong>illos</strong></span> <span class='ocrx_word' id='word_1_189' title='bbox 645 1495 774 1566; x_wconf 78' lang='lat' dir='ltr'><strong>grassari.</strong></span> <span class='ocrx_word' id='word_1_190' title='bbox 789 1495 859 1563; x_wconf 82' lang='lat' dir='ltr'><strong>Quin</strong></span> <span class='ocrx_word' id='word_1_191' title='bbox 881 1497 962 1551; x_wconf 89' lang='lat' dir='ltr'><strong>etiam</strong></span> <span class='ocrx_word' id='word_1_192' title='bbox 1013 1495 1146 1551; x_wconf 73' lang='lat' dir='ltr'><strong>Africana</strong></span> <span class='ocrx_word' id='word_1_193' title='bbox 1167 1496 1289 1552; x_wconf 83' lang='lat' dir='ltr'><strong>ecclesie</strong></span> <span class='ocrx_word' id='word_1_194' title='bbox 1316 1495 1520 1568; x_wconf 83' lang='lat' dir='ltr'><strong>presbyterum,</strong></span> <span class='ocrx_word' id='word_1_195' title='bbox 1546 1508 1561 1548; x_wconf 94' lang='lat' dir='ltr'><strong>a</strong></span> <span class='ocrx_word' id='word_1_196' title='bbox 1584 1507 1638 1565; x_wconf 89' lang='lat' dir='ltr'><strong>qno</strong></span> <span class='ocrx_word' id='word_1_197' title='bbox 1655 1491 1821 1566; x_wconf 76' lang='lat' dir='ltr'><strong>Cyprianus,</strong></span> 
     </span>
     <span class='ocr_line' id='line_1_15' title="bbox 156 1583 1823 1660; baseline 0.001 -19"><span class='ocrx_word' id='word_1_198' title='bbox 156 1585 293 1642; x_wconf 75' lang='lat' dir='ltr'><strong>Eusebius</strong></span> <span class='ocrx_word' id='word_1_199' title='bbox 305 1583 375 1657; x_wconf 81' lang='lat' dir='ltr'><strong>(stt.</strong></span> <span class='ocrx_word' id='word_1_200' title='bbox 396 1601 405 1640; x_wconf 93' lang='grc' dir='ltr'><strong>ι</strong></span> <span class='ocrx_word' id='word_1_201' title='bbox 427 1586 458 1641; x_wconf 83' lang='lat' dir='ltr'><strong>tle</strong></span> <span class='ocrx_word' id='word_1_202' title='bbox 478 1585 538 1641; x_wconf 81' lang='lat' dir='ltr'><strong>Vite</strong></span> <span class='ocrx_word' id='word_1_203' title='bbox 558 1585 706 1657; x_wconf 78' lang='lat' dir='ltr'><strong>Constant,</strong></span> <span class='ocrx_word' id='word_1_204' title='bbox 725 1604 783 1658; x_wconf 82' lang='lat' dir='ltr'><strong>cop.</strong></span> <span class='ocrx_word' id='word_1_205' title='bbox 807 1585 834 1653; x_wconf 82' lang='grc'><strong>5,</strong></span> <span class='ocrx_word' id='word_1_206' title='bbox 847 1605 874 1658; x_wconf 83' lang='lat' dir='ltr'><strong>p.</strong></span> <span class='ocrx_word' id='word_1_207' title='bbox 896 1585 960 1660; x_wconf 85' lang='lat' dir='ltr'><strong>lto)</strong></span> <span class='ocrx_word' id='word_1_208' title='bbox 1013 1586 1234 1660; x_wconf 78' lang='lat' dir='ltr'><strong>Cartlragineusis</strong></span> <span class='ocrx_word' id='word_1_209' title='bbox 1257 1588 1418 1659; x_wconf 80' lang='lat' dir='ltr'><strong>Episcopus,</strong></span> <span class='ocrx_word' id='word_1_210' title='bbox 1433 1587 1467 1642; x_wconf 91' lang='lat' dir='ltr'><strong>ad</strong></span> <span class='ocrx_word' id='word_1_211' title='bbox 1491 1586 1664 1644; x_wconf 81' lang='lat' dir='ltr'><strong>christianam</strong></span> <span class='ocrx_word' id='word_1_212' title='bbox 1680 1585 1760 1642; x_wconf 85' lang='lat' dir='ltr'><strong>idern</strong></span> <span class='ocrx_word' id='word_1_213' title='bbox 1774 1585 1823 1644; x_wconf 86' lang='lat' dir='ltr'><strong>ad·</strong></span> 
     </span>
     <span class='ocr_line' id='line_1_16' title="bbox 157 1676 1820 1754; baseline 0.003 -22"><span class='ocrx_word' id='word_1_214' title='bbox 157 1676 238 1733; x_wconf 88' lang='lat' dir='ltr'><strong>nobis</strong></span> <span class='ocrx_word' id='word_1_215' title='bbox 249 1676 360 1733; x_wconf 84' lang='lat' dir='ltr'><strong>exbibet</strong></span> <span class='ocrx_word' id='word_1_216' title='bbox 375 1677 673 1734; x_wconf 88' lang='lat' dir='ltr'><strong>orationemaLieinio</strong></span> <span class='ocrx_word' id='word_1_217' title='bbox 690 1687 752 1735; x_wconf 89' lang='lat' dir='ltr'><strong>ante</strong></span> <span class='ocrx_word' id='word_1_218' title='bbox 772 1679 915 1735; x_wconf 77' lang='lat' dir='ltr'><strong>Cibalense</strong></span> <span class='ocrx_word' id='word_1_219' title='bbox 930 1679 962 1735; x_wconf 92' lang='lat' dir='ltr'><strong>il·</strong></span> <span class='ocrx_word' id='word_1_220' title='bbox 1013 1681 1118 1746; x_wconf 87' lang='lat' dir='ltr'><strong>ductus,</strong></span> <span class='ocrx_word' id='word_1_221' title='bbox 1148 1682 1263 1754; x_wconf 87' lang='lat' dir='ltr'><strong>sumpsit</strong></span> <span class='ocrx_word' id='word_1_222' title='bbox 1279 1682 1366 1754; x_wconf 90' lang='lat' dir='ltr'><strong>ipsum</strong></span> <span class='ocrx_word' id='word_1_223' title='bbox 1382 1680 1452 1737; x_wconf 91' lang='lat' dir='ltr'><strong>idem</strong></span> <span class='ocrx_word' id='word_1_224' title='bbox 1477 1678 1578 1737; x_wconf 72' lang='lat' dir='ltr'><strong>Caecilii</strong></span> <span class='ocrx_word' id='word_1_225' title='bbox 1601 1688 1820 1750; x_wconf 74' lang='lat' dir='ltr'><strong>cognomentum.</strong></span> 
     </span>
     <span class='ocr_line' id='line_1_17' title="bbox 155 1765 1822 1843; baseline 0.002 -19"><span class='ocrx_word' id='word_1_226' title='bbox 155 1770 204 1825; x_wconf 89' lang='lat' dir='ltr'><strong>lud</strong></span> <span class='ocrx_word' id='word_1_227' title='bbox 231 1770 356 1840; x_wconf 80' lang='lat' dir='ltr'><strong>praelium</strong></span> <span class='ocrx_word' id='word_1_228' title='bbox 383 1770 524 1837; x_wconf 89' lang='lat' dir='ltr'><strong>babitarn,</strong></span> <span class='ocrx_word' id='word_1_229' title='bbox 549 1787 601 1841; x_wconf 92' lang='lat' dir='ltr'><strong>qua</strong></span> <span class='ocrx_word' id='word_1_230' title='bbox 625 1772 754 1828; x_wconf 78' lang='lat' dir='ltr'><strong>militibus</strong></span> <span class='ocrx_word' id='word_1_231' title='bbox 774 1772 858 1828; x_wconf 85' lang='lat' dir='ltr'><strong>edixit</strong></span> <span class='ocrx_word' id='word_1_232' title='bbox 881 1773 956 1841; x_wconf 90' lang='lat' dir='ltr'><strong>deos,</strong></span> <span class='ocrx_word' id='word_1_233' title='bbox 973 1765 999 1830; x_wconf 78' lang='lat' dir='ltr'><strong>b</strong></span> <span class='ocrx_word' id='word_1_234' title='bbox 1014 1772 1136 1843; x_wconf 86' lang='lat' dir='ltr'><strong>Denique</strong></span> <span class='ocrx_word' id='word_1_235' title='bbox 1158 1773 1184 1828; x_wconf 89' lang='lat' dir='ltr'><strong>in</strong></span> <span class='ocrx_word' id='word_1_236' title='bbox 1205 1772 1326 1843; x_wconf 89' lang='lat' dir='ltr'><strong>pluribus</strong></span> <span class='ocrx_word' id='word_1_237' title='bbox 1345 1771 1465 1843; x_wconf 84' lang='lat' dir='ltr'><strong>ejusdem</strong></span> <span class='ocrx_word' id='word_1_238' title='bbox 1485 1769 1615 1842; x_wconf 79' lang='lat' dir='ltr'><strong>Cypriani</strong></span> <span class='ocrx_word' id='word_1_239' title='bbox 1634 1769 1822 1841; x_wconf 84' lang='lat' dir='ltr'><strong>epistolisno·</strong></span> 
     </span>
     <span class='ocr_line' id='line_1_18' title="bbox 153 1861 1820 1938; baseline 0.003 -23"><span class='ocrx_word' id='word_1_240' title='bbox 153 1875 227 1933; x_wconf 90' lang='lat' dir='ltr'><strong>quos</strong></span> <span class='ocrx_word' id='word_1_241' title='bbox 238 1861 370 1918; x_wconf 77' lang='lat' dir='ltr'><strong>haetenus</strong></span> <span class='ocrx_word' id='word_1_242' title='bbox 383 1863 534 1930; x_wconf 89' lang='lat' dir='ltr'><strong>coluerant,</strong></span> <span class='ocrx_word' id='word_1_243' title='bbox 547 1864 570 1917; x_wconf 86' lang='lat' dir='ltr'><strong>si</strong></span> <span class='ocrx_word' id='word_1_244' title='bbox 585 1864 724 1919; x_wconf 86' lang='lat' dir='ltr'><strong>victoriam</strong></span> <span class='ocrx_word' id='word_1_245' title='bbox 736 1865 841 1933; x_wconf 89' lang='lat' dir='ltr'><strong>darent,</strong></span> <span class='ocrx_word' id='word_1_246' title='bbox 856 1865 890 1921; x_wconf 87' lang='lat' dir='ltr'><strong>ab</strong></span> <span class='ocrx_word' id='word_1_247' title='bbox 901 1882 959 1921; x_wconf 91' lang='lat' dir='ltr'><strong>om-</strong></span> <span class='ocrx_word' id='word_1_248' title='bbox 1013 1881 1074 1921; x_wconf 86' lang='lat' dir='ltr'><strong>nten</strong></span> <span class='ocrx_word' id='word_1_249' title='bbox 1097 1866 1199 1922; x_wconf 80' lang='lat' dir='ltr'><strong>Caecilii</strong></span> <span class='ocrx_word' id='word_1_250' title='bbox 1221 1866 1379 1938; x_wconf 87' lang='lat' dir='ltr'><strong>inscriptum</strong></span> <span class='ocrx_word' id='word_1_251' title='bbox 1394 1865 1508 1936; x_wconf 77' lang='lat' dir='ltr'><strong>legimus</strong></span> <span class='ocrx_word' id='word_1_252' title='bbox 1532 1862 1667 1937; x_wconf 70' lang='lat' dir='ltr'><strong>(Cypriam</strong></span> <span class='ocrx_word' id='word_1_253' title='bbox 1691 1862 1776 1936; x_wconf 84' lang='lat' dir='ltr'><strong>Epist.</strong></span> <span class='ocrx_word' id='word_1_254' title='bbox 1792 1865 1820 1932; x_wconf 82' lang='lat'><strong>7,</strong></span> 
     </span>
     <span class='ocr_line' id='line_1_19' title="bbox 154 1953 1252 2033; baseline 0.002 -24"><span class='ocrx_word' id='word_1_255' title='bbox 154 1954 240 2009; x_wconf 83' lang='lat' dir='ltr'><strong>tribus</strong></span> <span class='ocrx_word' id='word_1_256' title='bbox 254 1953 311 2009; x_wconf 86' lang='lat' dir='ltr'><strong>iore</strong></span> <span class='ocrx_word' id='word_1_257' title='bbox 325 1968 433 2026; x_wconf 86' lang='lat' dir='ltr'><strong>semper</strong></span> <span class='ocrx_word' id='word_1_258' title='bbox 448 1953 639 2022; x_wconf 87' lang='lat' dir='ltr'><strong>honorandos;</strong></span> <span class='ocrx_word' id='word_1_259' title='bbox 664 1969 745 2011; x_wconf 89' lang='lat' dir='ltr'><strong>secus</strong></span> <span class='ocrx_word' id='word_1_260' title='bbox 765 1972 847 2024; x_wconf 82' lang='lat' dir='ltr'><strong>nero,</strong></span> <span class='ocrx_word' id='word_1_261' title='bbox 870 1956 960 2012; x_wconf 90' lang='lat' dir='ltr'><strong>colen·</strong></span> <span class='ocrx_word' id='word_1_262' title='bbox 1013 1960 1059 2027; x_wconf 84' lang='lat'><strong>57,</strong></span> <span class='ocrx_word' id='word_1_263' title='bbox 1073 1959 1119 2026; x_wconf 78' lang='grc'><strong>65,</strong></span> <span class='ocrx_word' id='word_1_264' title='bbox 1134 1958 1179 2028; x_wconf 83' lang='lat' dir='ltr'><strong>bi,</strong></span> <span class='ocrx_word' id='word_1_265' title='bbox 1195 1959 1252 2033; x_wconf 84' lang='lat'><strong>70).</strong></span> 
     </span>
     <span class='ocr_line' id='line_1_20' title="bbox 153 2045 1821 2125; baseline 0.005 -24"><span class='ocrx_word' id='word_1_266' title='bbox 153 2045 223 2101; x_wconf 86' lang='lat' dir='ltr'><strong>dnm</strong></span> <span class='ocrx_word' id='word_1_267' title='bbox 236 2045 408 2101; x_wconf 81' lang='lat' dir='ltr'><strong>Constantini</strong></span> <span class='ocrx_word' id='word_1_268' title='bbox 428 2046 523 2102; x_wconf 80' lang='lat' dir='ltr'><strong>iterun</strong></span> <span class='ocrx_word' id='word_1_269' title='bbox 541 2047 639 2103; x_wconf 88' lang='lat' dir='ltr'><strong>ilerum</strong></span> <span class='ocrx_word' id='word_1_270' title='bbox 661 2047 725 2104; x_wconf 89' lang='lat' dir='ltr'><strong>inde</strong></span> <span class='ocrx_word' id='word_1_271' title='bbox 745 2064 798 2104; x_wconf 91' lang='lat' dir='ltr'><strong>non</strong></span> <span class='ocrx_word' id='word_1_272' title='bbox 817 2047 960 2104; x_wconf 81' lang='lat' dir='ltr'><strong>conicitur</strong></span> <span class='ocrx_word' id='word_1_273' title='bbox 1048 2057 1069 2110; x_wconf 80' lang='grc' dir='ltr'>Α</span> <span class='ocrx_word' id='word_1_274' title='bbox 1086 2056 1208 2124; x_wconf 87' lang='lat' dir='ltr'><strong>quamvis</strong></span> <span class='ocrx_word' id='word_1_275' title='bbox 1222 2053 1248 2108; x_wconf 90' lang='lat' dir='ltr'><strong>bi</strong></span> <span class='ocrx_word' id='word_1_276' title='bbox 1264 2053 1362 2125; x_wconf 88' lang='lat' dir='ltr'><strong>aliique</strong></span> <span class='ocrx_word' id='word_1_277' title='bbox 1386 2053 1455 2110; x_wconf 89' lang='lat' dir='ltr'><strong>bene</strong></span> <span class='ocrx_word' id='word_1_278' title='bbox 1477 2052 1565 2120; x_wconf 85' lang='lat' dir='ltr'><strong>multi,</strong></span> <span class='ocrx_word' id='word_1_279' title='bbox 1586 2052 1749 2112; x_wconf 79' lang='lat' dir='ltr'><strong>doctrinam</strong></span> <span class='ocrx_word' id='word_1_280' title='bbox 1765 2054 1821 2123; x_wconf 83' lang='lat' dir='ltr'><strong>pte·</strong></span> 
     </span>
    </p>
   </div>
   <div class='ocr_carea' id='block_1_3' title="bbox 153 2143 1823 2218">
    <p class='ocr_par' dir='ltr' id='par_1_3' title="bbox 153 2143 1823 2218">
     <span class='ocr_line' id='line_1_21' title="bbox 153 2143 1823 2218; baseline 0.005 -21"><span class='ocrx_word' id='word_1_281' title='bbox 153 2153 225 2198; x_wconf 85' lang='lat' dir='ltr'><strong>tarne</strong></span> <span class='ocrx_word' id='word_1_282' title='bbox 248 2155 346 2198; x_wconf 87' lang='lat' dir='ltr'><strong>moram</strong></span> <span class='ocrx_word' id='word_1_283' title='bbox 367 2144 401 2199; x_wconf 89' lang='lat' dir='ltr'><strong>ab</strong></span> <span class='ocrx_word' id='word_1_284' title='bbox 423 2143 468 2198; x_wconf 93' lang='lat' dir='ltr'><strong>iiio</strong></span> <span class='ocrx_word' id='word_1_285' title='bbox 484 2144 566 2199; x_wconf 87' lang='lat' dir='ltr'><strong>inisse</strong></span> <span class='ocrx_word' id='word_1_286' title='bbox 592 2144 724 2215; x_wconf 91' lang='lat' dir='ltr'><strong>publicam</strong></span> <span class='ocrx_word' id='word_1_287' title='bbox 750 2144 777 2200; x_wconf 90' lang='lat' dir='ltr'><strong>in</strong></span> <span class='ocrx_word' id='word_1_288' title='bbox 797 2144 959 2201; x_wconf 80' lang='lat' dir='ltr'><strong>christianos</strong></span> <span class='ocrx_word' id='word_1_289' title='bbox 1012 2155 1066 2204; x_wconf 87' lang='lat' dir='ltr'><strong>tate</strong></span> <span class='ocrx_word' id='word_1_290' title='bbox 1081 2148 1211 2218; x_wconf 76' lang='lat' dir='ltr'><strong>insignes,</strong></span> <span class='ocrx_word' id='word_1_291' title='bbox 1240 2162 1337 2206; x_wconf 90' lang='lat' dir='ltr'><strong>nomen</strong></span> <span class='ocrx_word' id='word_1_292' title='bbox 1365 2147 1430 2204; x_wconf 91' lang='lat' dir='ltr'><strong>iliud</strong></span> <span class='ocrx_word' id='word_1_293' title='bbox 1453 2148 1621 2214; x_wconf 68' lang='lat' dir='ltr'><strong>scilicetne</strong></span> <span class='ocrx_word' id='word_1_294' title='bbox 1645 2149 1769 2206; x_wconf 79' lang='lat' dir='ltr'><strong>baluzius</strong></span> <span class='ocrx_word' id='word_1_295' title='bbox 1783 2157 1823 2204; x_wconf 83' lang='lat' dir='ltr'><strong>ts·</strong></span> 
     </span>
    </p>
   </div>
   <div class='ocr_carea' id='block_1_4' title="bbox 153 2237 960 2958">
    <p class='ocr_par' dir='ltr' id='par_1_4' title="bbox 153 2237 960 2587">
     <span class='ocr_line' id='line_1_22' title="bbox 154 2237 960 2308; baseline 0.001 -16"><span class='ocrx_word' id='word_1_296' title='bbox 154 2237 395 2308; x_wconf 84' lang='lat' dir='ltr'><strong>persecutionem,</strong></span> <span class='ocrx_word' id='word_1_297' title='bbox 416 2237 463 2292; x_wconf 92' lang='lat' dir='ltr'><strong>scd</strong></span> <span class='ocrx_word' id='word_1_298' title='bbox 477 2238 566 2306; x_wconf 85' lang='lat' dir='ltr'><strong>potins</strong></span> <span class='ocrx_word' id='word_1_299' title='bbox 585 2253 646 2294; x_wconf 90' lang='lat' dir='ltr'><strong>eom</strong></span> <span class='ocrx_word' id='word_1_300' title='bbox 667 2238 778 2308; x_wconf 82' lang='lat' dir='ltr'><strong>aricipiti</strong></span> <span class='ocrx_word' id='word_1_301' title='bbox 797 2238 884 2293; x_wconf 89' lang='lat' dir='ltr'><strong>adime</strong></span> <span class='ocrx_word' id='word_1_302' title='bbox 906 2238 960 2293; x_wconf 75' lang='lat' dir='ltr'><strong>bre·</strong></span> 
     </span>
     <span class='ocr_line' id='line_1_23' title="bbox 153 2329 959 2402; baseline 0.006 -20"><span class='ocrx_word' id='word_1_303' title='bbox 153 2329 231 2384; x_wconf 86' lang='lat' dir='ltr'><strong>sisse</strong></span> <span class='ocrx_word' id='word_1_304' title='bbox 246 2329 335 2384; x_wconf 89' lang='lat' dir='ltr'><strong>animo</strong></span> <span class='ocrx_word' id='word_1_305' title='bbox 350 2344 431 2400; x_wconf 91' lang='lat' dir='ltr'><strong>qnam</strong></span> <span class='ocrx_word' id='word_1_306' title='bbox 442 2330 601 2401; x_wconf 76' lang='lat' dir='ltr'><strong>religionem</strong></span> <span class='ocrx_word' id='word_1_307' title='bbox 617 2341 662 2386; x_wconf 90' lang='lat' dir='ltr'><strong>ant</strong></span> <span class='ocrx_word' id='word_1_308' title='bbox 681 2333 825 2402; x_wconf 82' lang='lat' dir='ltr'><strong>rejiceret,</strong></span> <span class='ocrx_word' id='word_1_309' title='bbox 842 2341 887 2387; x_wconf 90' lang='lat' dir='ltr'><strong>ant</strong></span> <span class='ocrx_word' id='word_1_310' title='bbox 902 2342 959 2387; x_wconf 89' lang='lat' dir='ltr'><strong>tue-</strong></span> 
     </span>
     <span class='ocr_line' id='line_1_24' title="bbox 153 2421 960 2496; baseline 0.009 -21"><span class='ocrx_word' id='word_1_311' title='bbox 153 2429 243 2476; x_wconf 85' lang='lat' dir='ltr'><strong>retur.</strong></span> <span class='ocrx_word' id='word_1_312' title='bbox 253 2421 324 2490; x_wconf 79' lang='lat' dir='ltr'><strong>Quid</strong></span> <span class='ocrx_word' id='word_1_313' title='bbox 333 2436 410 2488; x_wconf 85' lang='lat' dir='ltr'><strong>reru,</strong></span> <span class='ocrx_word' id='word_1_314' title='bbox 423 2423 494 2492; x_wconf 90' lang='lat' dir='ltr'><strong>quod</strong></span> <span class='ocrx_word' id='word_1_315' title='bbox 508 2423 565 2478; x_wconf 81' lang='lat' dir='ltr'><strong>luce</strong></span> <span class='ocrx_word' id='word_1_316' title='bbox 578 2427 679 2496; x_wconf 80' lang='lat' dir='ltr'><strong>privata</strong></span> <span class='ocrx_word' id='word_1_317' title='bbox 693 2424 790 2481; x_wconf 75' lang='lat' dir='ltr'><strong>licinii</strong></span> <span class='ocrx_word' id='word_1_318' title='bbox 804 2426 872 2481; x_wconf 89' lang='lat' dir='ltr'><strong>lacta</strong></span> <span class='ocrx_word' id='word_1_319' title='bbox 885 2427 960 2482; x_wconf 87' lang='lat' dir='ltr'><strong>Ceci-</strong></span> 
     </span>
     <span class='ocr_line' id='line_1_25' title="bbox 153 2514 781 2587; baseline 0.005 -18"><span class='ocrx_word' id='word_1_320' title='bbox 153 2514 208 2581; x_wconf 90' lang='lat' dir='ltr'><strong>lio,</strong></span> <span class='ocrx_word' id='word_1_321' title='bbox 224 2516 270 2585; x_wconf 91' lang='lat' dir='ltr'><strong>qni</strong></span> <span class='ocrx_word' id='word_1_322' title='bbox 283 2515 389 2586; x_wconf 82' lang='lat' dir='ltr'><strong>longius</strong></span> <span class='ocrx_word' id='word_1_323' title='bbox 403 2516 507 2582; x_wconf 89' lang='lat' dir='ltr'><strong>aberat,</strong></span> <span class='ocrx_word' id='word_1_324' title='bbox 524 2517 607 2572; x_wconf 87' lang='lat' dir='ltr'><strong>latere</strong></span> <span class='ocrx_word' id='word_1_325' title='bbox 619 2521 781 2587; x_wconf 81' lang='lat' dir='ltr'><strong>potuerunt?</strong></span> 
     </span>
    </p>

    <p class='ocr_par' dir='ltr' id='par_1_5' title="bbox 154 2607 960 2958">
     <span class='ocr_line' id='line_1_26' title="bbox 195 2607 960 2684; baseline 0.012 -24"><span class='ocrx_word' id='word_1_326' title='bbox 195 2608 230 2661; x_wconf 83' lang='lat' dir='ltr'><strong>At</strong></span> <span class='ocrx_word' id='word_1_327' title='bbox 243 2618 317 2662; x_wconf 90' lang='lat' dir='ltr'><strong>certe</strong></span> <span class='ocrx_word' id='word_1_328' title='bbox 335 2607 380 2663; x_wconf 85' lang='lat' dir='ltr'><strong>iile</strong></span> <span class='ocrx_word' id='word_1_329' title='bbox 399 2609 457 2680; x_wconf 92' lang='lat' dir='ltr'><strong>ipse</strong></span> <span class='ocrx_word' id='word_1_330' title='bbox 474 2617 568 2679; x_wconf 89' lang='lat' dir='ltr'><strong>aperie</strong></span> <span class='ocrx_word' id='word_1_331' title='bbox 581 2610 700 2666; x_wconf 88' lang='lat' dir='ltr'><strong>declarat</strong></span> <span class='ocrx_word' id='word_1_332' title='bbox 720 2623 779 2684; x_wconf 84' lang='lat' dir='ltr'><strong>post</strong></span> <span class='ocrx_word' id='word_1_333' title='bbox 796 2629 877 2682; x_wconf 89' lang='lat' dir='ltr'><strong>supra</strong></span> <span class='ocrx_word' id='word_1_334' title='bbox 903 2629 960 2669; x_wconf 89' lang='lat' dir='ltr'><strong>rne-</strong></span> 
     </span>
     <span class='ocr_line' id='line_1_27' title="bbox 154 2699 959 2774; baseline 0.011 -22"><span class='ocrx_word' id='word_1_335' title='bbox 154 2707 293 2753; x_wconf 84' lang='lat' dir='ltr'><strong>moratum</strong></span> <span class='ocrx_word' id='word_1_336' title='bbox 315 2699 408 2755; x_wconf 83' lang='lat' dir='ltr'><strong>Licinii</strong></span> <span class='ocrx_word' id='word_1_337' title='bbox 433 2701 551 2756; x_wconf 89' lang='lat' dir='ltr'><strong>edictum</strong></span> <span class='ocrx_word' id='word_1_338' title='bbox 571 2717 642 2758; x_wconf 92' lang='lat' dir='ltr'><strong>anno</strong></span> <span class='ocrx_word' id='word_1_339' title='bbox 652 2703 716 2767; x_wconf 78' lang='lat'><strong>513,</strong></span> <span class='ocrx_word' id='word_1_340' title='bbox 739 2720 788 2774; x_wconf 90' lang='lat' dir='ltr'><strong>pro</strong></span> <span class='ocrx_word' id='word_1_341' title='bbox 810 2705 959 2761; x_wconf 76' lang='lat' dir='ltr'><strong>christiana</strong></span> 
     </span>
     <span class='ocr_line' id='line_1_28' title="bbox 156 2792 960 2868; baseline 0.01 -21"><span class='ocrx_word' id='word_1_342' title='bbox 156 2792 292 2862; x_wconf 79' lang='lat' dir='ltr'><strong>reiigione</strong></span> <span class='ocrx_word' id='word_1_343' title='bbox 314 2792 424 2861; x_wconf 89' lang='lat' dir='ltr'><strong>datum,</strong></span> <span class='ocrx_word' id='word_1_344' title='bbox 449 2794 621 2850; x_wconf 87' lang='lat' dir='ltr'><strong>subsecutam</strong></span> <span class='ocrx_word' id='word_1_345' title='bbox 649 2811 709 2853; x_wconf 90' lang='lat' dir='ltr'><strong>esse</strong></span> <span class='ocrx_word' id='word_1_346' title='bbox 735 2814 828 2855; x_wconf 88' lang='lat' dir='ltr'><strong>merrsc</strong></span> <span class='ocrx_word' id='word_1_347' title='bbox 848 2808 960 2868; x_wconf 79' lang='lat' dir='ltr'><strong>angusto</strong></span> 
     </span>
     <span class='ocr_line' id='line_1_29' title="bbox 156 2883 958 2958; baseline 0.01 -20"><span class='ocrx_word' id='word_1_348' title='bbox 156 2883 205 2939; x_wconf 85' lang='lat' dir='ltr'><strong>rel</strong></span> <span class='ocrx_word' id='word_1_349' title='bbox 232 2885 395 2958; x_wconf 84' lang='lat' dir='ltr'><strong>septembri,</strong></span> <span class='ocrx_word' id='word_1_350' title='bbox 425 2886 563 2942; x_wconf 82' lang='lat' dir='ltr'><strong>Maximini</strong></span> <span class='ocrx_word' id='word_1_351' title='bbox 588 2897 616 2942; x_wconf 90' lang='lat' dir='ltr'><strong>et</strong></span> <span class='ocrx_word' id='word_1_352' title='bbox 644 2888 802 2944; x_wconf 75' lang='lat' dir='ltr'><strong>candidiani</strong></span> <span class='ocrx_word' id='word_1_353' title='bbox 833 2901 958 2946; x_wconf 88' lang='lat' dir='ltr'><strong>mortem.</strong></span> 
     </span>
    </p>
   </div>
   <div class='ocr_carea' id='block_1_5' title="bbox 1012 2238 1825 2959">
    <p class='ocr_par' dir='ltr' id='par_1_6' title="bbox 1012 2238 1825 2959">
     <span class='ocr_line' id='line_1_30' title="bbox 1012 2238 1822 2312; baseline 0.002 -16"><span class='ocrx_word' id='word_1_354' title='bbox 1012 2257 1086 2306; x_wconf 86' lang='lat' dir='ltr'><strong>men,</strong></span> <span class='ocrx_word' id='word_1_355' title='bbox 1102 2255 1181 2310; x_wconf 88' lang='lat' dir='ltr'><strong>quern</strong></span> <span class='ocrx_word' id='word_1_356' title='bbox 1196 2238 1241 2296; x_wconf 89' lang='lat' dir='ltr'><strong>alii</strong></span> <span class='ocrx_word' id='word_1_357' title='bbox 1258 2240 1377 2311; x_wconf 91' lang='lat' dir='ltr'><strong>plerique</strong></span> <span class='ocrx_word' id='word_1_358' title='bbox 1391 2255 1487 2296; x_wconf 87' lang='lat' dir='ltr'><strong>outnes</strong></span> <span class='ocrx_word' id='word_1_359' title='bbox 1504 2252 1665 2312; x_wconf 82' lang='lat' dir='ltr'><strong>sequuntur,</strong></span> <span class='ocrx_word' id='word_1_360' title='bbox 1680 2242 1732 2299; x_wconf 88' lang='lat' dir='ltr'><strong>sibi</strong></span> <span class='ocrx_word' id='word_1_361' title='bbox 1747 2241 1822 2298; x_wconf 86' lang='lat' dir='ltr'><strong>risus</strong></span> 
     </span>
     <span class='ocr_line' id='line_1_31' title="bbox 1013 2330 1821 2404; baseline 0.002 -18"><span class='ocrx_word' id='word_1_362' title='bbox 1013 2340 1054 2386; x_wconf 89' lang='lat' dir='ltr'><strong>est</strong></span> <span class='ocrx_word' id='word_1_363' title='bbox 1065 2340 1139 2390; x_wconf 89' lang='lat' dir='ltr'><strong>certo</strong></span> <span class='ocrx_word' id='word_1_364' title='bbox 1150 2340 1176 2387; x_wconf 91' lang='lat' dir='ltr'><strong>et</strong></span> <span class='ocrx_word' id='word_1_365' title='bbox 1187 2332 1329 2404; x_wconf 84' lang='lat' dir='ltr'><strong>perspicue</strong></span> <span class='ocrx_word' id='word_1_366' title='bbox 1342 2331 1556 2404; x_wconf 76' lang='lat' dir='ltr'><strong>deprehendisse</strong></span> <span class='ocrx_word' id='word_1_367' title='bbox 1570 2332 1682 2394; x_wconf 77' lang='lat' dir='ltr'><strong>Lucium</strong></span> <span class='ocrx_word' id='word_1_368' title='bbox 1696 2330 1821 2401; x_wconf 76' lang='lat' dir='ltr'><strong>neuun,</strong></span> 
     </span>
     <span class='ocr_line' id='line_1_32' title="bbox 1013 2420 1821 2492; baseline 0.004 -12"><span class='ocrx_word' id='word_1_369' title='bbox 1013 2437 1060 2480; x_wconf 84' lang='lat' dir='ltr'><strong>seu</strong></span> <span class='ocrx_word' id='word_1_370' title='bbox 1075 2421 1212 2478; x_wconf 78' lang='lat' dir='ltr'><strong>Caecilium</strong></span> <span class='ocrx_word' id='word_1_371' title='bbox 1227 2420 1392 2482; x_wconf 85' lang='lat' dir='ltr'><strong>Firmianum</strong></span> <span class='ocrx_word' id='word_1_372' title='bbox 1406 2422 1575 2488; x_wconf 75' lang='lat' dir='ltr'><strong>tammum</strong></span> <span class='ocrx_word' id='word_1_373' title='bbox 1589 2421 1750 2492; x_wconf 80' lang='lat' dir='ltr'><strong>huiuslibrl,</strong></span> <span class='ocrx_word' id='word_1_374' title='bbox 1765 2440 1821 2483; x_wconf 78' lang='lat' dir='ltr'><strong>stota</strong></span> 
     </span>
     <span class='ocr_line' id='line_1_33' title="bbox 1012 2513 1823 2586; baseline 0.005 -17"><span class='ocrx_word' id='word_1_375' title='bbox 1012 2529 1091 2571; x_wconf 91' lang='lat' dir='ltr'><strong>secus</strong></span> <span class='ocrx_word' id='word_1_376' title='bbox 1104 2525 1184 2586; x_wconf 85' lang='lat' dir='ltr'><strong>atque</strong></span> <span class='ocrx_word' id='word_1_377' title='bbox 1205 2513 1331 2580; x_wconf 86' lang='lat' dir='ltr'><strong>aliorum,</strong></span> <span class='ocrx_word' id='word_1_378' title='bbox 1359 2513 1393 2570; x_wconf 89' lang='lat' dir='ltr'><strong>de</strong></span> <span class='ocrx_word' id='word_1_379' title='bbox 1416 2514 1516 2586; x_wconf 81' lang='lat' dir='ltr'><strong>quibus</strong></span> <span class='ocrx_word' id='word_1_380' title='bbox 1531 2516 1739 2585; x_wconf 83' lang='lat' dir='ltr'><strong>disputavimus,</strong></span> <span class='ocrx_word' id='word_1_381' title='bbox 1760 2532 1823 2574; x_wconf 84' lang='lat' dir='ltr'><strong>esso</strong></span> 
     </span>
     <span class='ocr_line' id='line_1_34' title="bbox 1013 2608 1822 2678; baseline 0.001 -15"><span class='ocrx_word' id='word_1_382' title='bbox 1013 2618 1150 2665; x_wconf 86' lang='lat' dir='ltr'><strong>auctorem</strong></span> <span class='ocrx_word' id='word_1_383' title='bbox 1165 2624 1196 2664; x_wconf 88' lang='lat' dir='ltr'><strong>ae</strong></span> <span class='ocrx_word' id='word_1_384' title='bbox 1214 2617 1363 2678; x_wconf 89' lang='lat' dir='ltr'><strong>parentem.</strong></span> <span class='ocrx_word' id='word_1_385' title='bbox 1378 2608 1540 2662; x_wconf 86' lang='lat' dir='ltr'><strong>Persuasum</strong></span> <span class='ocrx_word' id='word_1_386' title='bbox 1565 2617 1653 2663; x_wconf 91' lang='lat' dir='ltr'><strong>antem</strong></span> <span class='ocrx_word' id='word_1_387' title='bbox 1676 2610 1701 2664; x_wconf 90' lang='lat' dir='ltr'><strong>id</strong></span> <span class='ocrx_word' id='word_1_388' title='bbox 1715 2610 1752 2664; x_wconf 90' lang='lat' dir='ltr'><strong>ita</strong></span> <span class='ocrx_word' id='word_1_389' title='bbox 1773 2609 1822 2664; x_wconf 88' lang='lat' dir='ltr'><strong>lra-</strong></span> 
     </span>
     <span class='ocr_line' id='line_1_35' title="bbox 1013 2700 1825 2772; baseline 0.001 -15"><span class='ocrx_word' id='word_1_390' title='bbox 1013 2702 1087 2766; x_wconf 86' lang='lat' dir='ltr'><strong>bnlt;</strong></span> <span class='ocrx_word' id='word_1_391' title='bbox 1100 2710 1130 2755; x_wconf 91' lang='grc' dir='ltr'><strong>ιιι</strong></span> <span class='ocrx_word' id='word_1_392' title='bbox 1145 2701 1199 2756; x_wconf 93' lang='lat' dir='ltr'><strong>nlio</strong></span> <span class='ocrx_word' id='word_1_393' title='bbox 1211 2701 1312 2772; x_wconf 89' lang='lat' dir='ltr'><strong>absque</strong></span> <span class='ocrx_word' id='word_1_394' title='bbox 1322 2701 1449 2770; x_wconf 89' lang='lat' dir='ltr'><strong>scrupulo</strong></span> <span class='ocrx_word' id='word_1_395' title='bbox 1460 2700 1485 2752; x_wconf 91' lang='lat' dir='ltr'><strong>in</strong></span> <span class='ocrx_word' id='word_1_396' title='bbox 1498 2703 1583 2770; x_wconf 87' lang='lat' dir='ltr'><strong>prima</strong></span> <span class='ocrx_word' id='word_1_397' title='bbox 1594 2700 1656 2757; x_wconf 89' lang='lat' dir='ltr'><strong>iibri</strong></span> <span class='ocrx_word' id='word_1_398' title='bbox 1670 2701 1751 2772; x_wconf 82' lang='lat' dir='ltr'><strong>liujus</strong></span> <span class='ocrx_word' id='word_1_399' title='bbox 1765 2702 1825 2759; x_wconf 82' lang='lat' dir='ltr'><strong>cdi·</strong></span> 
     </span>
     <span class='ocr_line' id='line_1_36' title="bbox 1014 2793 1820 2867; baseline 0.004 -17"><span class='ocrx_word' id='word_1_400' title='bbox 1014 2797 1096 2861; x_wconf 92' lang='lat' dir='ltr'><strong>tione,</strong></span> <span class='ocrx_word' id='word_1_401' title='bbox 1118 2795 1210 2851; x_wconf 85' lang='lat' dir='ltr'><strong>etalii</strong></span> <span class='ocrx_word' id='word_1_402' title='bbox 1230 2796 1257 2849; x_wconf 92' lang='lat' dir='ltr'><strong>in</strong></span> <span class='ocrx_word' id='word_1_403' title='bbox 1281 2793 1525 2866; x_wconf 86' lang='lat' dir='ltr'><strong>subsequentibus,</strong></span> <span class='ocrx_word' id='word_1_404' title='bbox 1545 2804 1661 2867; x_wconf 84' lang='lat' dir='ltr'><strong>quatuor</strong></span> <span class='ocrx_word' id='word_1_405' title='bbox 1679 2796 1724 2851; x_wconf 84' lang='lat' dir='ltr'><strong>illa</strong></span> <span class='ocrx_word' id='word_1_406' title='bbox 1743 2797 1820 2854; x_wconf 82' lang='lat' dir='ltr'><strong>Lucii</strong></span> 
     </span>
     <span class='ocr_line' id='line_1_37' title="bbox 1014 2884 1821 2959; baseline 0.002 -16"><span class='ocrx_word' id='word_1_407' title='bbox 1014 2886 1114 2943; x_wconf 55' lang='lat' dir='ltr'><strong>caecilii</strong></span> <span class='ocrx_word' id='word_1_408' title='bbox 1125 2885 1255 2944; x_wconf 82' lang='lat' dir='ltr'><strong>Firmiani</strong></span> <span class='ocrx_word' id='word_1_409' title='bbox 1269 2884 1401 2940; x_wconf 81' lang='lat' dir='ltr'><strong>Laetantii</strong></span> <span class='ocrx_word' id='word_1_410' title='bbox 1415 2885 1525 2944; x_wconf 82' lang='lat' dir='ltr'><strong>nomina</strong></span> <span class='ocrx_word' id='word_1_411' title='bbox 1533 2887 1710 2956; x_wconf 75' lang='lat' dir='ltr'><strong>praefixerint.</strong></span> <span class='ocrx_word' id='word_1_412' title='bbox 1727 2887 1821 2959; x_wconf 69' lang='grc' dir='ltr'>ιιιιιιι</span> 
     </span>
    </p>
   </div>
   <div class='ocr_carea' id='block_1_6' title="bbox 156 2975 1824 3985">
    <p class='ocr_par' dir='ltr' id='par_1_7' title="bbox 156 2975 1824 3611">
     <span class='ocr_line' id='line_1_38' title="bbox 156 2975 1822 3048; baseline 0.003 -17"><span class='ocrx_word' id='word_1_413' title='bbox 156 2975 231 3032; x_wconf 85' lang='lat' dir='ltr'><strong>Tum</strong></span> <span class='ocrx_word' id='word_1_414' title='bbox 245 2976 342 3034; x_wconf 92' lang='lat' dir='ltr'><strong>deinde</strong></span> <span class='ocrx_word' id='word_1_415' title='bbox 364 2989 473 3048; x_wconf 87' lang='lat' dir='ltr'><strong>narrat,</strong></span> <span class='ocrx_word' id='word_1_416' title='bbox 490 2980 538 3036; x_wconf 91' lang='lat' dir='ltr'><strong>illo</strong></span> <span class='ocrx_word' id='word_1_417' title='bbox 552 2990 677 3046; x_wconf 89' lang='lat' dir='ltr'><strong>mortno,</strong></span> <span class='ocrx_word' id='word_1_418' title='bbox 706 2981 840 3038; x_wconf 79' lang='lat' dir='ltr'><strong>Valeriam</strong></span> <span class='ocrx_word' id='word_1_419' title='bbox 859 2985 961 3041; x_wconf 84' lang='lat' dir='ltr'><strong>Diocle·</strong></span> <span class='ocrx_word' id='word_1_420' title='bbox 1013 2994 1076 3033; x_wconf 80' lang='lat' dir='ltr'><strong>eunt</strong></span> <span class='ocrx_word' id='word_1_421' title='bbox 1092 2978 1134 3033; x_wconf 84' lang='lat' dir='ltr'><strong>rel</strong></span> <span class='ocrx_word' id='word_1_422' title='bbox 1150 2977 1290 3031; x_wconf 86' lang='lat' dir='ltr'><strong>minimum</strong></span> <span class='ocrx_word' id='word_1_423' title='bbox 1305 2976 1412 3046; x_wconf 88' lang='lat' dir='ltr'><strong>quidem</strong></span> <span class='ocrx_word' id='word_1_424' title='bbox 1428 2986 1607 3036; x_wconf 77' lang='lat' dir='ltr'><strong>muratarum</strong></span> <span class='ocrx_word' id='word_1_425' title='bbox 1621 2981 1721 3038; x_wconf 78' lang='lat' dir='ltr'><strong>omissa</strong></span> <span class='ocrx_word' id='word_1_426' title='bbox 1735 2983 1822 3038; x_wconf 85' lang='lat' dir='ltr'><strong>inre-</strong></span> 
     </span>
     <span class='ocr_line' id='line_1_39' title="bbox 156 3069 1822 3149; baseline 0 -19"><span class='ocrx_word' id='word_1_427' title='bbox 156 3074 229 3130; x_wconf 92' lang='lat' dir='ltr'><strong>tianl</strong></span> <span class='ocrx_word' id='word_1_428' title='bbox 245 3073 345 3140; x_wconf 90' lang='lat' dir='ltr'><strong>liliam,</strong></span> <span class='ocrx_word' id='word_1_429' title='bbox 372 3088 432 3129; x_wconf 91' lang='lat' dir='ltr'><strong>enm</strong></span> <span class='ocrx_word' id='word_1_430' title='bbox 449 3082 534 3129; x_wconf 91' lang='lat' dir='ltr'><strong>matre</strong></span> <span class='ocrx_word' id='word_1_431' title='bbox 558 3088 605 3129; x_wconf 91' lang='lat' dir='ltr'><strong>sna</strong></span> <span class='ocrx_word' id='word_1_432' title='bbox 623 3074 713 3130; x_wconf 82' lang='lat' dir='ltr'><strong>Prisca</strong></span> <span class='ocrx_word' id='word_1_433' title='bbox 729 3077 878 3147; x_wconf 86' lang='lat' dir='ltr'><strong>pervarias</strong></span> <span class='ocrx_word' id='word_1_434' title='bbox 900 3093 960 3149; x_wconf 87' lang='lat' dir='ltr'><strong>pro-</strong></span> <span class='ocrx_word' id='word_1_435' title='bbox 1016 3072 1066 3127; x_wconf 89' lang='lat' dir='ltr'><strong>teri</strong></span> <span class='ocrx_word' id='word_1_436' title='bbox 1080 3081 1107 3126; x_wconf 89' lang='lat' dir='ltr'><strong>et</strong></span> <span class='ocrx_word' id='word_1_437' title='bbox 1122 3071 1201 3126; x_wconf 83' lang='lat' dir='ltr'><strong>rrrricn</strong></span> <span class='ocrx_word' id='word_1_438' title='bbox 1221 3069 1314 3125; x_wconf 87' lang='lat' dir='ltr'><strong>codice</strong></span> <span class='ocrx_word' id='word_1_439' title='bbox 1328 3069 1484 3127; x_wconf 86' lang='lat' dir='ltr'><strong>Colbertino</strong></span> <span class='ocrx_word' id='word_1_440' title='bbox 1504 3071 1557 3128; x_wconf 91' lang='lat' dir='ltr'><strong>duo</strong></span> <span class='ocrx_word' id='word_1_441' title='bbox 1576 3075 1725 3144; x_wconf 84' lang='lat' dir='ltr'><strong>posteriora</strong></span> <span class='ocrx_word' id='word_1_442' title='bbox 1743 3089 1822 3130; x_wconf 85' lang='lat' dir='ltr'><strong>roca·</strong></span> 
     </span>
     <span class='ocr_line' id='line_1_40' title="bbox 157 3157 1824 3242; baseline -0.001 -20"><span class='ocrx_word' id='word_1_443' title='bbox 157 3166 286 3232; x_wconf 79' lang='lat' dir='ltr'><strong>vineias,</strong></span> <span class='ocrx_word' id='word_1_444' title='bbox 302 3165 398 3236; x_wconf 85' lang='lat' dir='ltr'><strong>plebeio</strong></span> <span class='ocrx_word' id='word_1_445' title='bbox 410 3165 491 3233; x_wconf 78' lang='lat' dir='ltr'><strong>cultra,</strong></span> <span class='ocrx_word' id='word_1_446' title='bbox 515 3167 660 3237; x_wconf 83' lang='lat' dir='ltr'><strong>quindecim</strong></span> <span class='ocrx_word' id='word_1_447' title='bbox 674 3170 802 3223; x_wconf 83' lang='lat' dir='ltr'><strong>mensibus</strong></span> <span class='ocrx_word' id='word_1_448' title='bbox 819 3179 959 3242; x_wconf 74' lang='lat' dir='ltr'><strong>rapuissem</strong></span> <span class='ocrx_word' id='word_1_449' title='bbox 974 3157 997 3220; x_wconf 84' lang='lat' dir='ltr'>C</span> <span class='ocrx_word' id='word_1_450' title='bbox 1015 3164 1088 3229; x_wconf 84' lang='lat' dir='ltr'><strong>buln,</strong></span> <span class='ocrx_word' id='word_1_451' title='bbox 1104 3163 1200 3235; x_wconf 89' lang='lat' dir='ltr'><strong>quibus</strong></span> <span class='ocrx_word' id='word_1_452' title='bbox 1219 3163 1375 3218; x_wconf 85' lang='lat' dir='ltr'><strong>Lactantius</strong></span> <span class='ocrx_word' id='word_1_453' title='bbox 1396 3179 1410 3218; x_wconf 91' lang='lat' dir='ltr'><strong>a</strong></span> <span class='ocrx_word' id='word_1_454' title='bbox 1430 3163 1536 3220; x_wconf 75' lang='lat' dir='ltr'><strong>caeteris</strong></span> <span class='ocrx_word' id='word_1_455' title='bbox 1557 3165 1693 3234; x_wconf 85' lang='lat' dir='ltr'><strong>omnibus,</strong></span> <span class='ocrx_word' id='word_1_456' title='bbox 1708 3166 1824 3238; x_wconf 74' lang='lat' dir='ltr'><strong>caetui,</strong></span> 
     </span>
     <span class='ocr_line' id='line_1_41' title="bbox 157 3254 1822 3331; baseline -0.001 -15"><span class='ocrx_word' id='word_1_457' title='bbox 157 3272 280 3320; x_wconf 82' lang='lat' dir='ltr'><strong>errasse,</strong></span> <span class='ocrx_word' id='word_1_458' title='bbox 291 3267 468 3329; x_wconf 88' lang='lat' dir='ltr'><strong>etntramque</strong></span> <span class='ocrx_word' id='word_1_459' title='bbox 484 3269 575 3328; x_wconf 90' lang='lat' dir='ltr'><strong>postea</strong></span> <span class='ocrx_word' id='word_1_460' title='bbox 589 3259 684 3329; x_wconf 89' lang='lat' dir='ltr'><strong>capitis</strong></span> <span class='ocrx_word' id='word_1_461' title='bbox 698 3260 850 3316; x_wconf 85' lang='lat' dir='ltr'><strong>damnatam</strong></span> <span class='ocrx_word' id='word_1_462' title='bbox 864 3260 905 3331; x_wconf 86' lang='lat' dir='ltr'><strong>(C.</strong></span> <span class='ocrx_word' id='word_1_463' title='bbox 915 3263 960 3324; x_wconf 88' lang='lat' dir='ltr'><strong>l8,</strong></span> <span class='ocrx_word' id='word_1_464' title='bbox 1013 3257 1071 3310; x_wconf 78' lang='lat' dir='ltr'><strong>slve</strong></span> <span class='ocrx_word' id='word_1_465' title='bbox 1084 3255 1158 3310; x_wconf 76' lang='lat' dir='ltr'><strong>Calli</strong></span> <span class='ocrx_word' id='word_1_466' title='bbox 1174 3255 1281 3309; x_wconf 91' lang='lat' dir='ltr'><strong>nomine</strong></span> <span class='ocrx_word' id='word_1_467' title='bbox 1294 3254 1447 3327; x_wconf 89' lang='lat' dir='ltr'><strong>appellatis,</strong></span> <span class='ocrx_word' id='word_1_468' title='bbox 1470 3257 1578 3327; x_wconf 89' lang='lat' dir='ltr'><strong>proprio</strong></span> <span class='ocrx_word' id='word_1_469' title='bbox 1602 3259 1680 3330; x_wconf 89' lang='lat' dir='ltr'><strong>quasi</strong></span> <span class='ocrx_word' id='word_1_470' title='bbox 1703 3259 1822 3330; x_wconf 84' lang='lat' dir='ltr'><strong>quodam</strong></span> 
     </span>
     <span class='ocr_line' id='line_1_42' title="bbox 158 3349 1823 3424; baseline 0.004 -19"><span class='ocrx_word' id='word_1_471' title='bbox 158 3361 186 3406; x_wconf 83' lang='lat' dir='ltr'><strong>et</strong></span> <span class='ocrx_word' id='word_1_472' title='bbox 198 3350 290 3421; x_wconf 76' lang='lat' dir='ltr'><strong>seqq).</strong></span> <span class='ocrx_word' id='word_1_473' title='bbox 306 3349 418 3406; x_wconf 84' lang='lat' dir='ltr'><strong>llortrne</strong></span> <span class='ocrx_word' id='word_1_474' title='bbox 431 3350 522 3422; x_wconf 89' lang='lat' dir='ltr'><strong>itaque</strong></span> <span class='ocrx_word' id='word_1_475' title='bbox 533 3361 596 3407; x_wconf 89' lang='lat' dir='ltr'><strong>sunt</strong></span> <span class='ocrx_word' id='word_1_476' title='bbox 608 3354 677 3407; x_wconf 87' lang='lat' dir='ltr'><strong>cirea</strong></span> <span class='ocrx_word' id='word_1_477' title='bbox 690 3353 769 3408; x_wconf 79' lang='lat' dir='ltr'><strong>linem</strong></span> <span class='ocrx_word' id='word_1_478' title='bbox 781 3355 844 3408; x_wconf 84' lang='lat' dir='ltr'><strong>anm</strong></span> <span class='ocrx_word' id='word_1_479' title='bbox 855 3353 917 3419; x_wconf 77' lang='lat' dir='ltr'><strong>oti,</strong></span> <span class='ocrx_word' id='word_1_480' title='bbox 934 3364 963 3409; x_wconf 88' lang='lat' dir='ltr'><strong>nt</strong></span> <span class='ocrx_word' id='word_1_481' title='bbox 1014 3353 1170 3407; x_wconf 79' lang='lat' dir='ltr'><strong>climactera</strong></span> <span class='ocrx_word' id='word_1_482' title='bbox 1186 3351 1356 3406; x_wconf 87' lang='lat' dir='ltr'><strong>discernitur.</strong></span> <span class='ocrx_word' id='word_1_483' title='bbox 1374 3351 1497 3418; x_wconf 83' lang='lat' dir='ltr'><strong>Nemea,</strong></span> <span class='ocrx_word' id='word_1_484' title='bbox 1514 3352 1616 3424; x_wconf 87' lang='lat' dir='ltr'><strong>inquit,</strong></span> <span class='ocrx_word' id='word_1_485' title='bbox 1641 3352 1675 3412; x_wconf 87' lang='lat' dir='ltr'><strong>ab</strong></span> <span class='ocrx_word' id='word_1_486' title='bbox 1690 3355 1823 3414; x_wconf 83' lang='lat' dir='ltr'><strong>oscitante</strong></span> 
     </span>
     <span class='ocr_line' id='line_1_43' title="bbox 158 3441 1824 3518; baseline 0.001 -16"><span class='ocrx_word' id='word_1_487' title='bbox 158 3446 235 3502; x_wconf 85' lang='lat' dir='ltr'><strong>inira</strong></span> <span class='ocrx_word' id='word_1_488' title='bbox 249 3443 332 3501; x_wconf 85' lang='lat' dir='ltr'><strong>insius</strong></span> <span class='ocrx_word' id='word_1_489' title='bbox 347 3444 534 3517; x_wconf 83' lang='lat' dir='ltr'><strong>explicabitur.</strong></span> <span class='ocrx_word' id='word_1_490' title='bbox 551 3445 674 3502; x_wconf 88' lang='lat' dir='ltr'><strong>Nondum</strong></span> <span class='ocrx_word' id='word_1_491' title='bbox 695 3462 759 3518; x_wconf 81' lang='lat' dir='ltr'><strong>erpo</strong></span> <span class='ocrx_word' id='word_1_492' title='bbox 782 3448 824 3505; x_wconf 88' lang='lat' dir='ltr'><strong>iric</strong></span> <span class='ocrx_word' id='word_1_493' title='bbox 844 3450 912 3504; x_wconf 86' lang='lat' dir='ltr'><strong>iiber</strong></span> <span class='ocrx_word' id='word_1_494' title='bbox 935 3451 962 3504; x_wconf 92' lang='lat' dir='ltr'><strong>in</strong></span> <span class='ocrx_word' id='word_1_495' title='bbox 1015 3444 1137 3508; x_wconf 84' lang='lat' dir='ltr'><strong>librario,</strong></span> <span class='ocrx_word' id='word_1_496' title='bbox 1152 3442 1228 3496; x_wconf 86' lang='lat' dir='ltr'><strong>sicuti</strong></span> <span class='ocrx_word' id='word_1_497' title='bbox 1241 3441 1400 3498; x_wconf 85' lang='lat' dir='ltr'><strong>sirmondus</strong></span> <span class='ocrx_word' id='word_1_498' title='bbox 1413 3442 1448 3500; x_wconf 90' lang='lat' dir='ltr'><strong>ad</strong></span> <span class='ocrx_word' id='word_1_499' title='bbox 1459 3443 1600 3502; x_wconf 81' lang='lat' dir='ltr'><strong>Sidonium</strong></span> <span class='ocrx_word' id='word_1_500' title='bbox 1612 3444 1729 3502; x_wconf 86' lang='lat' dir='ltr'><strong>insimili</strong></span> <span class='ocrx_word' id='word_1_501' title='bbox 1740 3461 1824 3504; x_wconf 83' lang='lat' dir='ltr'><strong>causa</strong></span> 
     </span>
     <span class='ocr_line' id='line_1_44' title="bbox 160 3539 1446 3611; baseline 0.002 -17"><span class='ocrx_word' id='word_1_502' title='bbox 160 3540 254 3595; x_wconf 87' lang='lat' dir='ltr'><strong>lucem</strong></span> <span class='ocrx_word' id='word_1_503' title='bbox 274 3548 338 3594; x_wconf 90' lang='lat' dir='ltr'><strong>tunc</strong></span> <span class='ocrx_word' id='word_1_504' title='bbox 354 3539 500 3610; x_wconf 88' lang='lat' dir='ltr'><strong>prodierat.</strong></span> <span class='ocrx_word' id='word_1_505' title='bbox 512 3541 546 3595; x_wconf 80' lang='lat' dir='ltr'><strong>At</strong></span> <span class='ocrx_word' id='word_1_506' title='bbox 561 3556 622 3595; x_wconf 88' lang='lat' dir='ltr'><strong>cum</strong></span> <span class='ocrx_word' id='word_1_507' title='bbox 637 3540 674 3595; x_wconf 91' lang='lat' dir='ltr'><strong>ibi</strong></span> <span class='ocrx_word' id='word_1_508' title='bbox 688 3541 805 3610; x_wconf 81' lang='lat' dir='ltr'><strong>liniatur,</strong></span> <span class='ocrx_word' id='word_1_509' title='bbox 818 3558 906 3597; x_wconf 86' lang='lat' dir='ltr'><strong>rronne</strong></span> <span class='ocrx_word' id='word_1_510' title='bbox 920 3543 963 3596; x_wconf 90' lang='lat' dir='ltr'><strong>in·</strong></span> <span class='ocrx_word' id='word_1_511' title='bbox 1015 3541 1164 3608; x_wconf 85' lang='lat' dir='ltr'><strong>annotarit,</strong></span> <span class='ocrx_word' id='word_1_512' title='bbox 1176 3542 1358 3611; x_wconf 67' lang='lat' dir='ltr'><strong>pretermissa</strong></span> <span class='ocrx_word' id='word_1_513' title='bbox 1374 3552 1446 3597; x_wconf 88' lang='lat' dir='ltr'><strong>sunt.</strong></span> 
     </span>
    </p>

    <p class='ocr_par' dir='ltr' id='par_1_8' title="bbox 159 3630 1824 3985">
     <span class='ocr_line' id='line_1_45' title="bbox 159 3630 1823 3706; baseline 0.001 -19"><span class='ocrx_word' id='word_1_514' title='bbox 159 3632 199 3687; x_wconf 89' lang='grc' dir='ltr'><strong>ιιι</strong></span> <span class='ocrx_word' id='word_1_515' title='bbox 214 3630 284 3686; x_wconf 88' lang='lat' dir='ltr'><strong>band</strong></span> <span class='ocrx_word' id='word_1_516' title='bbox 300 3631 435 3688; x_wconf 87' lang='lat' dir='ltr'><strong>immerito</strong></span> <span class='ocrx_word' id='word_1_517' title='bbox 450 3630 573 3688; x_wconf 87' lang='lat' dir='ltr'><strong>concludi</strong></span> <span class='ocrx_word' id='word_1_518' title='bbox 585 3641 675 3706; x_wconf 87' lang='lat' dir='ltr'><strong>potest</strong></span> <span class='ocrx_word' id='word_1_519' title='bbox 687 3632 761 3687; x_wconf 91' lang='lat' dir='ltr'><strong>illum</strong></span> <span class='ocrx_word' id='word_1_520' title='bbox 775 3631 899 3688; x_wconf 86' lang='lat' dir='ltr'><strong>aCecilio</strong></span> <span class='ocrx_word' id='word_1_521' title='bbox 913 3633 964 3689; x_wconf 87' lang='lat' dir='ltr'><strong>boe</strong></span> <span class='ocrx_word' id='word_1_522' title='bbox 1052 3633 1151 3690; x_wconf 86' lang='lat' dir='ltr'><strong>Tribus</strong></span> <span class='ocrx_word' id='word_1_523' title='bbox 1164 3642 1253 3688; x_wconf 89' lang='lat' dir='ltr'><strong>autem</strong></span> <span class='ocrx_word' id='word_1_524' title='bbox 1268 3634 1475 3704; x_wconf 84' lang='lat' dir='ltr'><strong>argnrnentisad</strong></span> <span class='ocrx_word' id='word_1_525' title='bbox 1490 3635 1560 3689; x_wconf 87' lang='lat' dir='ltr'><strong>bunc</strong></span> <span class='ocrx_word' id='word_1_526' title='bbox 1570 3635 1668 3690; x_wconf 87' lang='lat' dir='ltr'><strong>iibrunr</strong></span> <span class='ocrx_word' id='word_1_527' title='bbox 1681 3635 1823 3696; x_wconf 84' lang='lat' dir='ltr'><strong>Lactantio</strong></span> 
     </span>
     <span class='ocr_line' id='line_1_46' title="bbox 160 3724 1824 3797; baseline 0.002 -16"><span class='ocrx_word' id='word_1_528' title='bbox 160 3728 226 3797; x_wconf 89' lang='lat' dir='ltr'><strong>ipso</strong></span> <span class='ocrx_word' id='word_1_529' title='bbox 239 3734 362 3797; x_wconf 88' lang='lat' dir='ltr'><strong>tempore</strong></span> <span class='ocrx_word' id='word_1_530' title='bbox 383 3724 531 3796; x_wconf 87' lang='lat' dir='ltr'><strong>proiectum</strong></span> <span class='ocrx_word' id='word_1_531' title='bbox 548 3768 555 3792; x_wconf 92' lang='lat'><strong>,</strong></span> <span class='ocrx_word' id='word_1_532' title='bbox 578 3739 639 3781; x_wconf 92' lang='lat' dir='ltr'><strong>cum</strong></span> <span class='ocrx_word' id='word_1_533' title='bbox 664 3724 729 3780; x_wconf 88' lang='lat' dir='ltr'><strong>nibil</strong></span> <span class='ocrx_word' id='word_1_534' title='bbox 744 3725 851 3793; x_wconf 88' lang='lat' dir='ltr'><strong>adbuc,</strong></span> <span class='ocrx_word' id='word_1_535' title='bbox 867 3742 917 3781; x_wconf 92' lang='lat' dir='ltr'><strong>nec</strong></span> <span class='ocrx_word' id='word_1_536' title='bbox 931 3725 965 3781; x_wconf 93' lang='lat' dir='ltr'><strong>de</strong></span> <span class='ocrx_word' id='word_1_537' title='bbox 1017 3725 1217 3790; x_wconf 84' lang='lat' dir='ltr'><strong>vindicandum,</strong></span> <span class='ocrx_word' id='word_1_538' title='bbox 1234 3724 1344 3781; x_wconf 89' lang='lat' dir='ltr'><strong>ctiilius</strong></span> <span class='ocrx_word' id='word_1_539' title='bbox 1362 3725 1464 3781; x_wconf 88' lang='lat' dir='ltr'><strong>nomini</strong></span> <span class='ocrx_word' id='word_1_540' title='bbox 1481 3726 1551 3782; x_wconf 88' lang='lat' dir='ltr'><strong>band</strong></span> <span class='ocrx_word' id='word_1_541' title='bbox 1561 3724 1717 3786; x_wconf 88' lang='lat' dir='ltr'><strong>dubitanter</strong></span> <span class='ocrx_word' id='word_1_542' title='bbox 1730 3727 1824 3786; x_wconf 84' lang='lat' dir='ltr'><strong>iuscri-</strong></span> 
     </span>
     <span class='ocr_line' id='line_1_47' title="bbox 159 3816 1822 3890; baseline 0.001 -15"><span class='ocrx_word' id='word_1_543' title='bbox 159 3819 301 3878; x_wconf 86' lang='lat' dir='ltr'><strong>Cibalcnsi</strong></span> <span class='ocrx_word' id='word_1_544' title='bbox 315 3818 427 3890; x_wconf 81' lang='lat' dir='ltr'><strong>praelio,</strong></span> <span class='ocrx_word' id='word_1_545' title='bbox 444 3835 493 3875; x_wconf 91' lang='lat' dir='ltr'><strong>nee</strong></span> <span class='ocrx_word' id='word_1_546' title='bbox 514 3819 548 3876; x_wconf 92' lang='lat' dir='ltr'><strong>de</strong></span> <span class='ocrx_word' id='word_1_547' title='bbox 563 3820 677 3875; x_wconf 81' lang='lat' dir='ltr'><strong>excitata</strong></span> <span class='ocrx_word' id='word_1_548' title='bbox 691 3835 706 3874; x_wconf 91' lang='lat' dir='ltr'><strong>a</strong></span> <span class='ocrx_word' id='word_1_549' title='bbox 720 3818 825 3874; x_wconf 88' lang='lat' dir='ltr'><strong>Licinio</strong></span> <span class='ocrx_word' id='word_1_550' title='bbox 841 3820 866 3873; x_wconf 92' lang='lat' dir='ltr'><strong>in</strong></span> <span class='ocrx_word' id='word_1_551' title='bbox 879 3819 966 3874; x_wconf 86' lang='lat' dir='ltr'><strong>cirris·</strong></span> <span class='ocrx_word' id='word_1_552' title='bbox 1017 3817 1136 3872; x_wconf 88' lang='lat' dir='ltr'><strong>bendum</strong></span> <span class='ocrx_word' id='word_1_553' title='bbox 1153 3832 1182 3872; x_wconf 90' lang='lat' dir='ltr'><strong>se</strong></span> <span class='ocrx_word' id='word_1_554' title='bbox 1196 3816 1332 3873; x_wconf 86' lang='lat' dir='ltr'><strong>inductum</strong></span> <span class='ocrx_word' id='word_1_555' title='bbox 1353 3817 1435 3873; x_wconf 89' lang='lat' dir='ltr'><strong>luisse</strong></span> <span class='ocrx_word' id='word_1_556' title='bbox 1445 3818 1586 3888; x_wconf 78' lang='lat' dir='ltr'><strong>significat.</strong></span> <span class='ocrx_word' id='word_1_557' title='bbox 1601 3820 1694 3880; x_wconf 85' lang='lat' dir='ltr'><strong>Primo</strong></span> <span class='ocrx_word' id='word_1_558' title='bbox 1707 3821 1822 3889; x_wconf 87' lang='lat' dir='ltr'><strong>etenira,</strong></span> 
     </span>
     <span class='ocr_line' id='line_1_48' title="bbox 161 3908 1824 3985; baseline 0.001 -17"><span class='ocrx_word' id='word_1_559' title='bbox 161 3914 254 3969; x_wconf 89' lang='lat' dir='ltr'><strong>tiaoos</strong></span> <span class='ocrx_word' id='word_1_560' title='bbox 278 3913 466 3984; x_wconf 88' lang='lat' dir='ltr'><strong>perseeutione</strong></span> <span class='ocrx_word' id='word_1_561' title='bbox 489 3912 635 3985; x_wconf 77' lang='lat' dir='ltr'><strong>quidquam</strong></span> <span class='ocrx_word' id='word_1_562' title='bbox 659 3913 792 3984; x_wconf 88' lang='lat' dir='ltr'><strong>comperti</strong></span> <span class='ocrx_word' id='word_1_563' title='bbox 817 3911 963 3968; x_wconf 82' lang='lat' dir='ltr'><strong>imbuisset.</strong></span> <span class='ocrx_word' id='word_1_564' title='bbox 1019 3908 1063 3963; x_wconf 81' lang='lat' dir='ltr'><strong>nti</strong></span> <span class='ocrx_word' id='word_1_565' title='bbox 1084 3909 1263 3979; x_wconf 81' lang='lat' dir='ltr'><strong>{lieronymus</strong></span> <span class='ocrx_word' id='word_1_566' title='bbox 1286 3910 1402 3982; x_wconf 78' lang='lat' dir='ltr'><strong>pennino</strong></span> <span class='ocrx_word' id='word_1_567' title='bbox 1424 3909 1556 3966; x_wconf 82' lang='lat' dir='ltr'><strong>Firmiani</strong></span> <span class='ocrx_word' id='word_1_568' title='bbox 1583 3912 1715 3969; x_wconf 80' lang='lat' dir='ltr'><strong>Lactantii</strong></span> <span class='ocrx_word' id='word_1_569' title='bbox 1740 3929 1824 3983; x_wconf 85' lang='lat' dir='ltr'><strong>opera</strong></span> 
     </span>
    </p>
   </div>
   <div class='ocr_carea' id='block_1_7' title="bbox 161 4004 967 4170">
    <p class='ocr_par' dir='ltr' id='par_1_9' title="bbox 161 4004 967 4170">
     <span class='ocr_line' id='line_1_49' title="bbox 162 4004 967 4078; baseline -0.004 -15"><span class='ocrx_word' id='word_1_570' title='bbox 162 4007 208 4063; x_wconf 75' lang='lat' dir='ltr'><strong>Ab</strong></span> <span class='ocrx_word' id='word_1_571' title='bbox 230 4021 263 4062; x_wconf 93' lang='lat' dir='ltr'><strong>eo</strong></span> <span class='ocrx_word' id='word_1_572' title='bbox 284 4007 375 4078; x_wconf 89' lang='lat' dir='ltr'><strong>itaque</strong></span> <span class='ocrx_word' id='word_1_573' title='bbox 397 4005 442 4061; x_wconf 88' lang='lat' dir='ltr'><strong>irie</strong></span> <span class='ocrx_word' id='word_1_574' title='bbox 460 4005 529 4061; x_wconf 89' lang='lat' dir='ltr'><strong>liber</strong></span> <span class='ocrx_word' id='word_1_575' title='bbox 555 4007 626 4062; x_wconf 89' lang='lat' dir='ltr'><strong>cirea</strong></span> <span class='ocrx_word' id='word_1_576' title='bbox 649 4005 730 4061; x_wconf 82' lang='lat' dir='ltr'><strong>inem</strong></span> <span class='ocrx_word' id='word_1_577' title='bbox 755 4006 817 4060; x_wconf 90' lang='lat' dir='ltr'><strong>anni</strong></span> <span class='ocrx_word' id='word_1_578' title='bbox 833 4004 905 4071; x_wconf 74' lang='lat' dir='ltr'><strong>dli,</strong></span> <span class='ocrx_word' id='word_1_579' title='bbox 920 4015 967 4062; x_wconf 90' lang='lat' dir='ltr'><strong>aut</strong></span> 
     </span>
     <span class='ocr_line' id='line_1_50' title="bbox 161 4096 584 4170; baseline -0.005 -17"><span class='ocrx_word' id='word_1_580' title='bbox 161 4097 247 4170; x_wconf 89' lang='lat' dir='ltr'><strong>paulo</strong></span> <span class='ocrx_word' id='word_1_581' title='bbox 261 4105 323 4169; x_wconf 88' lang='lat' dir='ltr'><strong>post</strong></span> <span class='ocrx_word' id='word_1_582' title='bbox 337 4096 454 4169; x_wconf 86' lang='lat' dir='ltr'><strong>scriptos</strong></span> <span class='ocrx_word' id='word_1_583' title='bbox 468 4096 584 4151; x_wconf 84' lang='lat' dir='ltr'><strong>uidetur.</strong></span> 
     </span>
    </p>
   </div>
   <div class='ocr_carea' id='block_1_8' title="bbox 477 4213 644 4272">
    <p class='ocr_par' dir='ltr' id='par_1_10' title="bbox 477 4213 644 4272">
     <span class='ocr_line' id='line_1_51' title="bbox 477 4213 644 4272; baseline -0.03 -3"><span class='ocrx_word' id='word_1_584' title='bbox 477 4213 591 4272; x_wconf 82' lang='lat' dir='ltr'><strong>caPttr</strong></span> <span class='ocrx_word' id='word_1_585' title='bbox 612 4213 644 4272; x_wconf 86' lang='lat' dir='ltr'><strong>il.</strong></span> 
     </span>
    </p>
   </div>
   <div class='ocr_carea' id='block_1_9' title="bbox 162 4326 972 4498">
    <p class='ocr_par' dir='ltr' id='par_1_11' title="bbox 162 4326 972 4498">
     <span class='ocr_line' id='line_1_52' title="bbox 162 4326 955 4401; baseline -0.005 -15"><span class='ocrx_word' id='word_1_586' title='bbox 162 4331 207 4386; x_wconf 82' lang='lat' dir='ltr'><strong>De</strong></span> <span class='ocrx_word' id='word_1_587' title='bbox 218 4330 278 4386; x_wconf 82' lang='lat' dir='ltr'><strong>libri</strong></span> <span class='ocrx_word' id='word_1_588' title='bbox 287 4330 366 4401; x_wconf 72' lang='lat' dir='ltr'><strong>isius</strong></span> <span class='ocrx_word' id='word_1_589' title='bbox 380 4341 494 4397; x_wconf 72' lang='lat' dir='ltr'><strong>uetere,</strong></span> <span class='ocrx_word' id='word_1_590' title='bbox 508 4338 532 4385; x_wconf 83' lang='lat' dir='ltr'><strong>st</strong></span> <span class='ocrx_word' id='word_1_591' title='bbox 546 4327 651 4384; x_wconf 74' lang='lat' dir='ltr'><strong>Deam</strong></span> <span class='ocrx_word' id='word_1_592' title='bbox 664 4326 827 4399; x_wconf 65' lang='lat' dir='ltr'><strong>Confessum,</strong></span> <span class='ocrx_word' id='word_1_593' title='bbox 845 4330 887 4381; x_wconf 86' lang='lat' dir='ltr'><strong>oui</strong></span> <span class='ocrx_word' id='word_1_594' title='bbox 902 4344 955 4382; x_wconf 85' lang='lat' dir='ltr'><strong>nnn</strong></span> 
     </span>
     <span class='ocr_line' id='line_1_53' title="bbox 201 4422 972 4498; baseline -0.003 -18"><span class='ocrx_word' id='word_1_595' title='bbox 201 4435 320 4498; x_wconf 83' lang='lat' dir='ltr'><strong>sspstur,</strong></span> <span class='ocrx_word' id='word_1_596' title='bbox 340 4439 371 4480; x_wconf 80' lang='lat' dir='ltr'><strong>ss</strong></span> <span class='ocrx_word' id='word_1_597' title='bbox 382 4424 415 4479; x_wconf 72' lang='lat' dir='ltr'><strong>ds</strong></span> <span class='ocrx_word' id='word_1_598' title='bbox 436 4424 518 4480; x_wconf 81' lang='lat' dir='ltr'><strong>tribas</strong></span> <span class='ocrx_word' id='word_1_599' title='bbox 528 4422 672 4494; x_wconf 71' lang='lat' dir='ltr'><strong>judicibus,</strong></span> <span class='ocrx_word' id='word_1_600' title='bbox 684 4438 794 4493; x_wconf 65' lang='lat' dir='ltr'><strong>merum</strong></span> <span class='ocrx_word' id='word_1_601' title='bbox 801 4425 880 4497; x_wconf 76' lang='lat' dir='ltr'><strong>jussu</strong></span> <span class='ocrx_word' id='word_1_602' title='bbox 891 4424 972 4478; x_wconf 75' lang='lat' dir='ltr'><strong>maiis</strong></span> 
     </span>
    </p>
   </div>
   <div class='ocr_carea' id='block_1_10' title="bbox 201 4515 1010 4619">
    <p class='ocr_par' dir='ltr' id='par_1_12' title="bbox 201 4515 1010 4619">
     <span class='ocr_line' id='line_1_54' title="bbox 201 4515 1010 4619; baseline -0.005 -43"><span class='ocrx_word' id='word_1_603' title='bbox 201 4521 248 4578; x_wconf 76' lang='lat' dir='ltr'><strong>itte</strong></span> <span class='ocrx_word' id='word_1_604' title='bbox 269 4528 372 4592; x_wconf 73' lang='lat' dir='ltr'><strong>proptu</strong></span> <span class='ocrx_word' id='word_1_605' title='bbox 389 4518 485 4575; x_wconf 79' lang='lat' dir='ltr'><strong>Gbrissr&#39;</strong></span> <span class='ocrx_word' id='word_1_606' title='bbox 503 4517 690 4588; x_wconf 65' lang='lat' dir='ltr'><strong>soniariouau</strong></span> <span class='ocrx_word' id='word_1_607' title='bbox 712 4516 846 4588; x_wconf 79' lang='lat' dir='ltr'><strong>suppliciis</strong></span> <span class='ocrx_word' id='word_1_608' title='bbox 860 4515 1010 4619; x_wconf 59' lang='lat' dir='ltr'><strong>opertaen</strong></span> 
     </span>
    </p>
   </div>
   <div class='ocr_carea' id='block_1_11' title="bbox 203 4621 703 4742">
    <p class='ocr_par' dir='ltr' id='par_1_13' title="bbox 203 4621 703 4742">
     <span class='ocr_line' id='line_1_55' title="bbox 203 4621 703 4742; baseline 0 -4"><span class='ocrx_word' id='word_1_609' title='bbox 203 4621 251 4670; x_wconf 61' lang='lat'><strong>“⁸-</strong></span> <span class='ocrx_word' id='word_1_610' title='bbox 429 4695 576 4742; x_wconf 67' lang='lat' dir='ltr'><strong>ruriculas</strong></span> <span class='ocrx_word' id='word_1_611' title='bbox 598 4693 703 4742; x_wconf 68' lang='lat' dir='ltr'><strong>ssibus</strong></span> 
     </span>
    </p>
   </div>
   <div class='ocr_carea' id='block_1_12' title="bbox 167 4771 971 5602">
    <p class='ocr_par' dir='ltr' id='par_1_14' title="bbox 168 4771 971 4942">
     <span class='ocr_line' id='line_1_56' title="bbox 168 4771 971 4851; baseline -0.004 -18"><span class='ocrx_word' id='word_1_612' title='bbox 168 4776 353 4851; x_wconf 82' lang='lat' dir='ltr'><strong>Proponamus</strong></span> <span class='ocrx_word' id='word_1_613' title='bbox 376 4785 535 4848; x_wconf 77' lang='lat' dir='ltr'><strong>exputatum,</strong></span> <span class='ocrx_word' id='word_1_614' title='bbox 556 4775 646 4846; x_wconf 80' lang='lat' dir='ltr'><strong>quibus</strong></span> <span class='ocrx_word' id='word_1_615' title='bbox 668 4775 774 4848; x_wconf 84' lang='lat' dir='ltr'><strong>plurimi</strong></span> <span class='ocrx_word' id='word_1_616' title='bbox 792 4771 859 4834; x_wconf 80' lang='lat' dir='ltr'><strong>buno</strong></span> <span class='ocrx_word' id='word_1_617' title='bbox 875 4772 971 4830; x_wconf 78' lang='lat' dir='ltr'><strong>librare</strong></span> 
     </span>
     <span class='ocr_line' id='line_1_57' title="bbox 233 4868 905 4942; baseline -0.003 -17"><span class='ocrx_word' id='word_1_618' title='bbox 233 4869 366 4928; x_wconf 79' lang='lat' dir='ltr'><strong>l&#39;irnrr&#39;ano</strong></span> <span class='ocrx_word' id='word_1_619' title='bbox 380 4868 512 4936; x_wconf 80' lang='lat' dir='ltr'><strong>qutoutr&#39;o</strong></span> <span class='ocrx_word' id='word_1_620' title='bbox 523 4868 646 4926; x_wconf 81' lang='lat' dir='ltr'><strong>uindicari</strong></span> <span class='ocrx_word' id='word_1_621' title='bbox 658 4885 732 4942; x_wconf 83' lang='lat' dir='ltr'><strong>posse</strong></span> <span class='ocrx_word' id='word_1_622' title='bbox 743 4876 905 4942; x_wconf 77' lang='lat' dir='ltr'><strong>permeruit.</strong></span> 
     </span>
    </p>

    <p class='ocr_par' dir='ltr' id='par_1_15' title="bbox 167 4981 971 5602">
     <span class='ocr_line' id='line_1_58' title="bbox 207 4981 971 5054; baseline -0.001 -14"><span class='ocrx_word' id='word_1_623' title='bbox 207 4983 280 5042; x_wconf 76' lang='lat' dir='ltr'><strong>rimi</strong></span> <span class='ocrx_word' id='word_1_624' title='bbox 291 4984 371 5054; x_wconf 70' lang='lat' dir='ltr'><strong>boios</strong></span> <span class='ocrx_word' id='word_1_625' title='bbox 391 4981 494 5048; x_wconf 75' lang='lat' dir='ltr'><strong>titulus,</strong></span> <span class='ocrx_word' id='word_1_626' title='bbox 512 4982 621 5038; x_wconf 78' lang='lat' dir='ltr'><strong>scrobis</strong></span> <span class='ocrx_word' id='word_1_627' title='bbox 633 4982 721 5053; x_wconf 78' lang='lat' dir='ltr'><strong>qualis</strong></span> <span class='ocrx_word' id='word_1_628' title='bbox 740 4983 768 5037; x_wconf 86' lang='lat' dir='ltr'><strong>in</strong></span> <span class='ocrx_word' id='word_1_629' title='bbox 783 4981 863 5038; x_wconf 89' lang='lat' dir='ltr'><strong>unico</strong></span> <span class='ocrx_word' id='word_1_630' title='bbox 875 4981 971 5039; x_wconf 83' lang='lat' dir='ltr'><strong>oodios</strong></span> 
     </span>
     <span class='ocr_line' id='line_1_59' title="bbox 167 5074 967 5145; baseline -0.005 -12"><span class='ocrx_word' id='word_1_631' title='bbox 167 5075 326 5134; x_wconf 74' lang='lat' dir='ltr'><strong>colbertino</strong></span> <span class='ocrx_word' id='word_1_632' title='bbox 343 5075 515 5142; x_wconf 74' lang='lat' dir='ltr'><strong>describitur,</strong></span> <span class='ocrx_word' id='word_1_633' title='bbox 539 5074 600 5130; x_wconf 79' lang='lat' dir='ltr'><strong>talis</strong></span> <span class='ocrx_word' id='word_1_634' title='bbox 614 5075 726 5129; x_wconf 75' lang='lat' dir='ltr'><strong>omnim</strong></span> <span class='ocrx_word' id='word_1_635' title='bbox 749 5082 967 5145; x_wconf 71' lang='lat' dir='ltr'><strong>representatur,</strong></span> 
     </span>
     <span class='ocr_line' id='line_1_60' title="bbox 169 5165 971 5254; baseline -0.004 -29"><span class='ocrx_word' id='word_1_636' title='bbox 169 5168 340 5240; x_wconf 78' lang='lat' dir='ltr'><strong>apertissime</strong></span> <span class='ocrx_word' id='word_1_637' title='bbox 349 5167 439 5239; x_wconf 85' lang='lat' dir='ltr'><strong>prodii</strong></span> <span class='ocrx_word' id='word_1_638' title='bbox 451 5166 574 5254; x_wconf 60' lang='lat' dir='ltr'><strong>Lycium,</strong></span> <span class='ocrx_word' id='word_1_639' title='bbox 588 5167 647 5222; x_wconf 83' lang='lat' dir='ltr'><strong>sire</strong></span> <span class='ocrx_word' id='word_1_640' title='bbox 655 5165 778 5233; x_wconf 72' lang='lat' dir='ltr'><strong>Lucium</strong></span> <span class='ocrx_word' id='word_1_641' title='bbox 791 5167 880 5222; x_wconf 85' lang='lat' dir='ltr'><strong>litters</strong></span> <span class='ocrx_word' id='word_1_642' title='bbox 893 5181 971 5238; x_wconf 71' lang='lat' dir='ltr'><strong>ypro</strong></span> 
     </span>
     <span class='ocr_line' id='line_1_61' title="bbox 168 5257 971 5330; baseline -0.001 -15"><span class='ocrx_word' id='word_1_643' title='bbox 168 5279 198 5324; x_wconf 84' lang='lat' dir='ltr'><strong>rr,</strong></span> <span class='ocrx_word' id='word_1_644' title='bbox 214 5262 285 5318; x_wconf 84' lang='lat' dir='ltr'><strong>sicat</strong></span> <span class='ocrx_word' id='word_1_645' title='bbox 296 5260 410 5326; x_wconf 70' lang='lat' dir='ltr'><strong>adimet,</strong></span> <span class='ocrx_word' id='word_1_646' title='bbox 428 5261 524 5330; x_wconf 87' lang='lat' dir='ltr'><strong>posito,</strong></span> <span class='ocrx_word' id='word_1_647' title='bbox 539 5258 652 5315; x_wconf 80' lang='lat' dir='ltr'><strong>Lucium</strong></span> <span class='ocrx_word' id='word_1_648' title='bbox 668 5259 776 5329; x_wconf 83' lang='lat' dir='ltr'><strong>isquam</strong></span> <span class='ocrx_word' id='word_1_649' title='bbox 788 5257 917 5314; x_wconf 85' lang='lat' dir='ltr'><strong>Ceciliorn</strong></span> <span class='ocrx_word' id='word_1_650' title='bbox 932 5260 971 5329; x_wconf 90' lang='lat' dir='ltr'><strong>ip-</strong></span> 
     </span>
     <span class='ocr_line' id='line_1_62' title="bbox 169 5350 970 5422; baseline -0.001 -15"><span class='ocrx_word' id='word_1_651' title='bbox 169 5354 228 5408; x_wconf 88' lang='lat' dir='ltr'><strong>sius</strong></span> <span class='ocrx_word' id='word_1_652' title='bbox 241 5367 334 5409; x_wconf 82' lang='lat' dir='ltr'><strong>revera</strong></span> <span class='ocrx_word' id='word_1_653' title='bbox 352 5367 413 5409; x_wconf 84' lang='lat' dir='ltr'><strong>esse</strong></span> <span class='ocrx_word' id='word_1_654' title='bbox 426 5359 564 5410; x_wconf 84' lang='lat' dir='ltr'><strong>auctorem</strong></span> <span class='ocrx_word' id='word_1_655' title='bbox 577 5352 630 5422; x_wconf 85' lang='grc' dir='ltr'>(ι).</span> <span class='ocrx_word' id='word_1_656' title='bbox 645 5352 679 5406; x_wconf 84' lang='grc' dir='ltr'><strong>ιι</strong></span> <span class='ocrx_word' id='word_1_657' title='bbox 692 5350 808 5420; x_wconf 83' lang='lat' dir='ltr'><strong>quirillo</strong></span> <span class='ocrx_word' id='word_1_658' title='bbox 819 5351 865 5416; x_wconf 88' lang='lat' dir='ltr'><strong>sit,</strong></span> <span class='ocrx_word' id='word_1_659' title='bbox 880 5351 907 5406; x_wconf 90' lang='lat' dir='ltr'><strong>io</strong></span> <span class='ocrx_word' id='word_1_660' title='bbox 919 5350 970 5406; x_wconf 82' lang='lat' dir='ltr'><strong>do·</strong></span> 
     </span>
     <span class='ocr_line' id='line_1_63' title="bbox 171 5441 970 5513; baseline -0.005 -13"><span class='ocrx_word' id='word_1_661' title='bbox 171 5446 246 5504; x_wconf 86' lang='lat' dir='ltr'><strong>bium</strong></span> <span class='ocrx_word' id='word_1_662' title='bbox 261 5446 333 5506; x_wconf 78' lang='lat' dir='ltr'><strong>band</strong></span> <span class='ocrx_word' id='word_1_663' title='bbox 351 5445 489 5506; x_wconf 78' lang='lat' dir='ltr'><strong>inmerito</strong></span> <span class='ocrx_word' id='word_1_664' title='bbox 509 5444 600 5508; x_wconf 77' lang='lat' dir='ltr'><strong>vocari</strong></span> <span class='ocrx_word' id='word_1_665' title='bbox 616 5452 715 5513; x_wconf 84' lang='lat' dir='ltr'><strong>potest.</strong></span> <span class='ocrx_word' id='word_1_666' title='bbox 732 5441 839 5498; x_wconf 84' lang='lat' dir='ltr'><strong>biemirri</strong></span> <span class='ocrx_word' id='word_1_667' title='bbox 858 5443 970 5507; x_wconf 81' lang='grc' dir='ltr'>ιιοιιιιιι,</span> 
     </span>
     <span class='ocr_line' id='line_1_64' title="bbox 169 5517 971 5602; baseline -0.01 -6"><span class='ocrx_word' id='word_1_668' title='bbox 169 5517 467 5602; x_wconf 73' lang='lat' dir='ltr'><strong>reminiscentium</strong></span> <span class='ocrx_word' id='word_1_669' title='bbox 477 5535 971 5602; x_wconf 79' lang='lat' dir='ltr'><strong>mediocriterlrnbrrtn,inoompertum</strong></span> 
     </span>
    </p>
   </div>
   <div class='ocr_carea' id='block_1_13' title="bbox 205 5669 973 5783">
    <p class='ocr_par' dir='ltr' id='par_1_16' title="bbox 205 5669 973 5783">
     <span class='ocr_line' id='line_1_65' title="bbox 205 5669 973 5783; baseline -0.012 -56"><span class='ocrx_word' id='word_1_670' title='bbox 205 5672 242 5739; x_wconf 80' lang='lat' dir='ltr'><strong>(ll</strong></span> <span class='ocrx_word' id='word_1_671' title='bbox 258 5672 349 5726; x_wconf 74' lang='lat' dir='ltr'><strong>rontm</strong></span> <span class='ocrx_word' id='word_1_672' title='bbox 360 5673 557 5736; x_wconf 86' lang='lat' dir='ltr'><strong>disquisitionem</strong></span> <span class='ocrx_word' id='word_1_673' title='bbox 570 5672 616 5783; x_wconf 54' lang='lat' dir='ltr'><strong>isssi</strong></span> <span class='ocrx_word' id='word_1_674' title='bbox 634 5672 699 5721; x_wconf 92' lang='lat' dir='ltr'><strong>libro</strong></span> <span class='ocrx_word' id='word_1_675' title='bbox 709 5672 742 5719; x_wconf 89' lang='lat' dir='ltr'><strong>de</strong></span> <span class='ocrx_word' id='word_1_676' title='bbox 754 5669 874 5719; x_wconf 76' lang='lat' dir='ltr'><strong>Mortibus</strong></span> <span class='ocrx_word' id='word_1_677' title='bbox 886 5682 973 5732; x_wconf 89' lang='lat' dir='ltr'><strong>perse-</strong></span> 
     </span>
    </p>
   </div>
   <div class='ocr_carea' id='block_1_14' title="bbox 172 5730 974 5863">
    <p class='ocr_par' dir='ltr' id='par_1_17' title="bbox 172 5730 974 5863">
     <span class='ocr_line' id='line_1_66' title="bbox 172 5730 974 5801; baseline -0.009 -12"><span class='ocrx_word' id='word_1_678' title='bbox 172 5743 285 5789; x_wconf 68' lang='lat' dir='ltr'><strong>cutores</strong></span> <span class='ocrx_word' id='word_1_679' title='bbox 306 5737 465 5801; x_wconf 67' lang='lat' dir='ltr'><strong>masam,</strong></span> <span class='ocrx_word' id='word_1_680' title='bbox 484 5737 510 5785; x_wconf 86' lang='lat' dir='ltr'><strong>io</strong></span> <span class='ocrx_word' id='word_1_681' title='bbox 520 5748 570 5796; x_wconf 85' lang='lat' dir='ltr'><strong>qua</strong></span> <span class='ocrx_word' id='word_1_682' title='bbox 600 5735 777 5785; x_wconf 80' lang='lat' dir='ltr'><strong>mciiurrianac</strong></span> <span class='ocrx_word' id='word_1_683' title='bbox 793 5733 900 5795; x_wconf 87' lang='lat' dir='ltr'><strong>opinioni</strong></span> <span class='ocrx_word' id='word_1_684' title='bbox 914 5730 974 5782; x_wconf 82' lang='lat' dir='ltr'><strong>uall-</strong></span> 
     </span>
     <span class='ocr_line' id='line_1_67' title="bbox 173 5797 636 5863; baseline -0.006 -14"><span class='ocrx_word' id='word_1_685' title='bbox 173 5801 282 5851; x_wconf 87' lang='lat' dir='ltr'><strong>dissirnis</strong></span> <span class='ocrx_word' id='word_1_686' title='bbox 291 5801 445 5863; x_wconf 70' lang='lat' dir='ltr'><strong>argumentis</strong></span> <span class='ocrx_word' id='word_1_687' title='bbox 456 5797 636 5852; x_wconf 79' lang='lat' dir='ltr'><strong>contradicitur.</strong></span> 
     </span>
    </p>
   </div>
   <div class='ocr_carea' id='block_1_15' title="bbox 1019 4003 1835 5844">
    <p class='ocr_par' dir='ltr' id='par_1_18' title="bbox 1019 4003 1826 4356">
     <span class='ocr_line' id='line_1_68' title="bbox 1019 4003 1825 4077; baseline 0.005 -19"><span class='ocrx_word' id='word_1_688' title='bbox 1019 4011 1169 4066; x_wconf 86' lang='lat' dir='ltr'><strong>errrrmerat,</strong></span> <span class='ocrx_word' id='word_1_689' title='bbox 1187 4003 1214 4056; x_wconf 89' lang='lat' dir='ltr'><strong>in</strong></span> <span class='ocrx_word' id='word_1_690' title='bbox 1226 4017 1319 4057; x_wconf 90' lang='lat' dir='ltr'><strong>eorum</strong></span> <span class='ocrx_word' id='word_1_691' title='bbox 1334 4017 1448 4059; x_wconf 85' lang='lat' dir='ltr'><strong>nrrnrero</strong></span> <span class='ocrx_word' id='word_1_692' title='bbox 1458 4005 1543 4075; x_wconf 87' lang='lat' dir='ltr'><strong>ponit,</strong></span> <span class='ocrx_word' id='word_1_693' title='bbox 1560 4005 1592 4060; x_wconf 83' lang='lat' dir='ltr'><strong>tis</strong></span> <span class='ocrx_word' id='word_1_694' title='bbox 1604 4006 1779 4077; x_wconf 77' lang='lat' dir='ltr'><strong>persecutione</strong></span> <span class='ocrx_word' id='word_1_695' title='bbox 1791 4008 1825 4062; x_wconf 90' lang='lat' dir='ltr'><strong>li-</strong></span> 
     </span>
     <span class='ocr_line' id='line_1_69' title="bbox 1019 4096 1826 4170; baseline 0.009 -22"><span class='ocrx_word' id='word_1_696' title='bbox 1019 4096 1093 4149; x_wconf 83' lang='lat' dir='ltr'><strong>irum</strong></span> <span class='ocrx_word' id='word_1_697' title='bbox 1109 4113 1198 4150; x_wconf 76' lang='lat' dir='ltr'><strong>unuin.</strong></span> <span class='ocrx_word' id='word_1_698' title='bbox 1214 4098 1247 4151; x_wconf 83' lang='grc' dir='ltr'><strong>ιιι</strong></span> <span class='ocrx_word' id='word_1_699' title='bbox 1260 4098 1282 4152; x_wconf 88' lang='lat' dir='ltr'><strong>is</strong></span> <span class='ocrx_word' id='word_1_700' title='bbox 1300 4097 1360 4168; x_wconf 87' lang='lat' dir='ltr'><strong>ipse</strong></span> <span class='ocrx_word' id='word_1_701' title='bbox 1373 4106 1426 4163; x_wconf 88' lang='lat' dir='ltr'><strong>est,</strong></span> <span class='ocrx_word' id='word_1_702' title='bbox 1441 4098 1479 4152; x_wconf 88' lang='lat' dir='ltr'><strong>ait</strong></span> <span class='ocrx_word' id='word_1_703' title='bbox 1500 4098 1635 4167; x_wconf 86' lang='lat' dir='ltr'><strong>Balnzius,</strong></span> <span class='ocrx_word' id='word_1_704' title='bbox 1650 4098 1683 4155; x_wconf 89' lang='lat' dir='ltr'><strong>de</strong></span> <span class='ocrx_word' id='word_1_705' title='bbox 1695 4113 1749 4170; x_wconf 84' lang='lat' dir='ltr'><strong>quo</strong></span> <span class='ocrx_word' id='word_1_706' title='bbox 1767 4098 1826 4169; x_wconf 71' lang='lat' dir='ltr'><strong>api·</strong></span> 
     </span>
     <span class='ocr_line' id='line_1_70' title="bbox 1019 4187 1825 4262; baseline 0.007 -20"><span class='ocrx_word' id='word_1_707' title='bbox 1019 4197 1064 4244; x_wconf 88' lang='lat' dir='ltr'><strong>tur</strong></span> <span class='ocrx_word' id='word_1_708' title='bbox 1078 4188 1182 4262; x_wconf 80' lang='lat' dir='ltr'><strong>(lidius.</strong></span> <span class='ocrx_word' id='word_1_709' title='bbox 1204 4188 1267 4244; x_wconf 84' lang='lat' dir='ltr'><strong>Not.</strong></span> <span class='ocrx_word' id='word_1_710' title='bbox 1289 4192 1317 4244; x_wconf 89' lang='lat' dir='ltr'><strong>in</strong></span> <span class='ocrx_word' id='word_1_711' title='bbox 1333 4190 1409 4260; x_wconf 79' lang='lat' dir='ltr'><strong>bajas</strong></span> <span class='ocrx_word' id='word_1_712' title='bbox 1424 4191 1469 4244; x_wconf 85' lang='lat' dir='ltr'><strong>lib.</strong></span> <span class='ocrx_word' id='word_1_713' title='bbox 1486 4191 1554 4244; x_wconf 82' lang='lat' dir='ltr'><strong>titul.</strong></span> <span class='ocrx_word' id='word_1_714' title='bbox 1570 4189 1723 4260; x_wconf 67' lang='lat' dir='ltr'><strong>Hieronem.</strong></span> <span class='ocrx_word' id='word_1_715' title='bbox 1737 4187 1825 4248; x_wconf 85' lang='lat' dir='ltr'><strong>Catul.</strong></span> 
     </span>
     <span class='ocr_line' id='line_1_71' title="bbox 1021 4282 1535 4356; baseline -0.008 -16"><span class='ocrx_word' id='word_1_716' title='bbox 1021 4284 1119 4356; x_wconf 82' lang='lat' dir='ltr'><strong>Script.</strong></span> <span class='ocrx_word' id='word_1_717' title='bbox 1133 4282 1232 4337; x_wconf 82' lang='lat' dir='ltr'><strong>Eccles.</strong></span> <span class='ocrx_word' id='word_1_718' title='bbox 1248 4299 1305 4356; x_wconf 78' lang='lat' dir='ltr'><strong>cup.</strong></span> <span class='ocrx_word' id='word_1_719' title='bbox 1321 4282 1367 4348; x_wconf 83' lang='lat'><strong>80,</strong></span> <span class='ocrx_word' id='word_1_720' title='bbox 1383 4299 1444 4353; x_wconf 80' lang='lat' dir='ltr'><strong>pap.</strong></span> <span class='ocrx_word' id='word_1_721' title='bbox 1461 4282 1535 4355; x_wconf 69' lang='lat' dir='ltr'><strong>ist).</strong></span> 
     </span>
    </p>

    <p class='ocr_par' dir='ltr' id='par_1_19' title="bbox 1020 4374 1828 4806">
     <span class='ocr_line' id='line_1_72' title="bbox 1057 4374 1826 4446; baseline 0.004 -13"><span class='ocrx_word' id='word_1_722' title='bbox 1057 4377 1209 4434; x_wconf 89' lang='lat' dir='ltr'><strong>Secundum</strong></span> <span class='ocrx_word' id='word_1_723' title='bbox 1223 4391 1288 4434; x_wconf 86' lang='lat' dir='ltr'><strong>rero</strong></span> <span class='ocrx_word' id='word_1_724' title='bbox 1303 4385 1490 4445; x_wconf 75' lang='lat' dir='ltr'><strong>argumentum</strong></span> <span class='ocrx_word' id='word_1_725' title='bbox 1503 4375 1550 4432; x_wconf 91' lang='lat' dir='ltr'><strong>iile</strong></span> <span class='ocrx_word' id='word_1_726' title='bbox 1563 4374 1644 4434; x_wconf 81' lang='lat' dir='ltr'><strong>duxit</strong></span> <span class='ocrx_word' id='word_1_727' title='bbox 1664 4390 1696 4432; x_wconf 82' lang='lat' dir='ltr'><strong>ex</strong></span> <span class='ocrx_word' id='word_1_728' title='bbox 1711 4376 1826 4446; x_wconf 82' lang='lat' dir='ltr'><strong>bnjnsos</strong></span> 
     </span>
     <span class='ocr_line' id='line_1_73' title="bbox 1021 4467 1828 4540; baseline 0.002 -16"><span class='ocrx_word' id='word_1_729' title='bbox 1021 4470 1082 4524; x_wconf 86' lang='lat' dir='ltr'><strong>libri</strong></span> <span class='ocrx_word' id='word_1_730' title='bbox 1098 4468 1177 4540; x_wconf 76' lang='lat' dir='ltr'><strong>stylo,</strong></span> <span class='ocrx_word' id='word_1_731' title='bbox 1192 4469 1236 4538; x_wconf 89' lang='lat' dir='ltr'><strong>qui</strong></span> <span class='ocrx_word' id='word_1_732' title='bbox 1252 4467 1302 4536; x_wconf 88' lang='lat' dir='ltr'><strong>ipsi</strong></span> <span class='ocrx_word' id='word_1_733' title='bbox 1314 4467 1423 4524; x_wconf 89' lang='lat' dir='ltr'><strong>omnino</strong></span> <span class='ocrx_word' id='word_1_734' title='bbox 1439 4467 1629 4526; x_wconf 86' lang='lat' dir='ltr'><strong>Lactantianus</strong></span> <span class='ocrx_word' id='word_1_735' title='bbox 1639 4469 1713 4528; x_wconf 83' lang='lat' dir='ltr'><strong>risse</strong></span> <span class='ocrx_word' id='word_1_736' title='bbox 1727 4478 1779 4525; x_wconf 87' lang='lat' dir='ltr'><strong>est.</strong></span> <span class='ocrx_word' id='word_1_737' title='bbox 1789 4470 1828 4526; x_wconf 80' lang='lat' dir='ltr'><strong>bis</strong></span> 
     </span>
     <span class='ocr_line' id='line_1_74' title="bbox 1023 4559 1826 4635; baseline 0.006 -19"><span class='ocrx_word' id='word_1_738' title='bbox 1023 4562 1048 4617; x_wconf 91' lang='lat' dir='ltr'><strong>id</strong></span> <span class='ocrx_word' id='word_1_739' title='bbox 1062 4560 1170 4633; x_wconf 89' lang='lat' dir='ltr'><strong>quidem</strong></span> <span class='ocrx_word' id='word_1_740' title='bbox 1186 4561 1328 4616; x_wconf 88' lang='lat' dir='ltr'><strong>conlirmat</strong></span> <span class='ocrx_word' id='word_1_741' title='bbox 1349 4559 1452 4631; x_wconf 76' lang='lat' dir='ltr'><strong>Virgilii</strong></span> <span class='ocrx_word' id='word_1_742' title='bbox 1466 4562 1599 4630; x_wconf 79' lang='lat' dir='ltr'><strong>versibus,</strong></span> <span class='ocrx_word' id='word_1_743' title='bbox 1614 4562 1660 4635; x_wconf 91' lang='lat' dir='ltr'><strong>qui</strong></span> <span class='ocrx_word' id='word_1_744' title='bbox 1682 4563 1777 4620; x_wconf 83' lang='lat' dir='ltr'><strong>ltuieoe</strong></span> <span class='ocrx_word' id='word_1_745' title='bbox 1791 4564 1826 4621; x_wconf 87' lang='lat' dir='ltr'><strong>ti·</strong></span> 
     </span>
     <span class='ocr_line' id='line_1_75' title="bbox 1022 4651 1826 4726; baseline 0 -18"><span class='ocrx_word' id='word_1_746' title='bbox 1022 4654 1082 4722; x_wconf 89' lang='lat' dir='ltr'><strong>bro,</strong></span> <span class='ocrx_word' id='word_1_747' title='bbox 1104 4651 1329 4723; x_wconf 86' lang='lat' dir='ltr'><strong>quemadmodum</strong></span> <span class='ocrx_word' id='word_1_748' title='bbox 1342 4653 1466 4723; x_wconf 80' lang='lat' dir='ltr'><strong>genuinis</strong></span> <span class='ocrx_word' id='word_1_749' title='bbox 1479 4653 1611 4712; x_wconf 77' lang='lat' dir='ltr'><strong>lactantii</strong></span> <span class='ocrx_word' id='word_1_750' title='bbox 1631 4654 1768 4726; x_wconf 86' lang='lat' dir='ltr'><strong>operibus,</strong></span> <span class='ocrx_word' id='word_1_751' title='bbox 1783 4654 1826 4712; x_wconf 79' lang='lat' dir='ltr'><strong>im</strong></span> 
     </span>
     <span class='ocr_line' id='line_1_76' title="bbox 1020 4756 1198 4806; baseline -0.022 0"><span class='ocrx_word' id='word_1_752' title='bbox 1020 4756 1198 4806; x_wconf 87' lang='lat' dir='ltr'><strong>terseruntur.</strong></span> 
     </span>
    </p>

    <p class='ocr_par' dir='ltr' id='par_1_20' title="bbox 1021 4840 1827 5099">
     <span class='ocr_line' id='line_1_77' title="bbox 1057 4840 1827 4914; baseline -0.001 -14"><span class='ocrx_word' id='word_1_753' title='bbox 1057 4841 1176 4900; x_wconf 83' lang='lat' dir='ltr'><strong>Tertium</strong></span> <span class='ocrx_word' id='word_1_754' title='bbox 1191 4841 1306 4914; x_wconf 90' lang='lat' dir='ltr'><strong>deniqne</strong></span> <span class='ocrx_word' id='word_1_755' title='bbox 1327 4840 1438 4898; x_wconf 84' lang='lat' dir='ltr'><strong>ratioms</strong></span> <span class='ocrx_word' id='word_1_756' title='bbox 1456 4849 1613 4900; x_wconf 88' lang='lat' dir='ltr'><strong>nomentum</strong></span> <span class='ocrx_word' id='word_1_757' title='bbox 1631 4842 1666 4900; x_wconf 88' lang='lat' dir='ltr'><strong>ab</strong></span> <span class='ocrx_word' id='word_1_758' title='bbox 1679 4856 1713 4898; x_wconf 94' lang='lat' dir='ltr'><strong>eo</strong></span> <span class='ocrx_word' id='word_1_759' title='bbox 1726 4841 1827 4911; x_wconf 78' lang='lat' dir='ltr'><strong>petitor</strong></span> 
     </span>
     <span class='ocr_line' id='line_1_78' title="bbox 1021 4934 1827 5007; baseline -0.001 -14"><span class='ocrx_word' id='word_1_760' title='bbox 1021 4953 1055 4994; x_wconf 88' lang='lat' dir='ltr'><strong>ex</strong></span> <span class='ocrx_word' id='word_1_761' title='bbox 1066 4936 1147 4996; x_wconf 83' lang='lat' dir='ltr'><strong>variis</strong></span> <span class='ocrx_word' id='word_1_762' title='bbox 1166 4934 1293 5007; x_wconf 88' lang='lat' dir='ltr'><strong>loquendi</strong></span> <span class='ocrx_word' id='word_1_763' title='bbox 1310 4934 1408 5003; x_wconf 81' lang='lat' dir='ltr'><strong>modis,</strong></span> <span class='ocrx_word' id='word_1_764' title='bbox 1429 4936 1475 5005; x_wconf 91' lang='lat' dir='ltr'><strong>qni</strong></span> <span class='ocrx_word' id='word_1_765' title='bbox 1496 4935 1523 4991; x_wconf 90' lang='lat' dir='ltr'><strong>in</strong></span> <span class='ocrx_word' id='word_1_766' title='bbox 1549 4935 1610 5000; x_wconf 88' lang='lat' dir='ltr'><strong>boe,</strong></span> <span class='ocrx_word' id='word_1_767' title='bbox 1627 4935 1697 4990; x_wconf 86' lang='lat' dir='ltr'><strong>sicut</strong></span> <span class='ocrx_word' id='word_1_768' title='bbox 1719 4935 1747 4990; x_wconf 89' lang='lat' dir='ltr'><strong>in</strong></span> <span class='ocrx_word' id='word_1_769' title='bbox 1765 4934 1827 4992; x_wconf 79' lang='lat' dir='ltr'><strong>aliis</strong></span> 
     </span>
     <span class='ocr_line' id='line_1_79' title="bbox 1023 5026 1566 5099; baseline -0.009 -14"><span class='ocrx_word' id='word_1_770' title='bbox 1023 5028 1155 5088; x_wconf 82' lang='lat' dir='ltr'><strong>Lactaruii</strong></span> <span class='ocrx_word' id='word_1_771' title='bbox 1170 5027 1245 5083; x_wconf 84' lang='lat' dir='ltr'><strong>libris</strong></span> <span class='ocrx_word' id='word_1_772' title='bbox 1260 5026 1295 5082; x_wconf 88' lang='lat' dir='ltr'><strong>ad</strong></span> <span class='ocrx_word' id='word_1_773' title='bbox 1308 5026 1420 5084; x_wconf 82' lang='lat' dir='ltr'><strong>verbum</strong></span> <span class='ocrx_word' id='word_1_774' title='bbox 1433 5027 1566 5099; x_wconf 76' lang='lat' dir='ltr'><strong>leguntur.</strong></span> 
     </span>
    </p>

    <p class='ocr_par' dir='ltr' id='par_1_21' title="bbox 1024 5118 1835 5844">
     <span class='ocr_line' id='line_1_80' title="bbox 1059 5118 1827 5190; baseline -0.003 -12"><span class='ocrx_word' id='word_1_775' title='bbox 1059 5121 1152 5182; x_wconf 81' lang='lat' dir='ltr'><strong>&#39;fantis</strong></span> <span class='ocrx_word' id='word_1_776' title='bbox 1174 5134 1254 5189; x_wconf 92' lang='lat' dir='ltr'><strong>porro</strong></span> <span class='ocrx_word' id='word_1_777' title='bbox 1274 5129 1383 5189; x_wconf 88' lang='lat' dir='ltr'><strong>tamque</strong></span> <span class='ocrx_word' id='word_1_778' title='bbox 1402 5118 1562 5185; x_wconf 77' lang='lat' dir='ltr'><strong>manifestis,</strong></span> <span class='ocrx_word' id='word_1_779' title='bbox 1581 5129 1612 5173; x_wconf 88' lang='lat' dir='ltr'><strong>ut</strong></span> <span class='ocrx_word' id='word_1_780' title='bbox 1625 5120 1671 5176; x_wconf 89' lang='lat' dir='ltr'><strong>ille</strong></span> <span class='ocrx_word' id='word_1_781' title='bbox 1691 5122 1827 5190; x_wconf 81' lang='grc' dir='ltr'>οριιιιιιιι,</span> 
     </span>
     <span class='ocr_line' id='line_1_81' title="bbox 1024 5211 1829 5283; baseline -0.002 -12"><span class='ocrx_word' id='word_1_782' title='bbox 1024 5213 1173 5272; x_wconf 88' lang='lat' dir='ltr'><strong>rationibus</strong></span> <span class='ocrx_word' id='word_1_783' title='bbox 1188 5212 1253 5268; x_wconf 89' lang='lat' dir='ltr'><strong>iliud</strong></span> <span class='ocrx_word' id='word_1_784' title='bbox 1272 5212 1520 5282; x_wconf 83' lang='lat' dir='ltr'><strong>dumtaxstoppoui</strong></span> <span class='ocrx_word' id='word_1_785' title='bbox 1541 5211 1829 5283; x_wconf 81' lang='lat' dir='ltr'><strong>posseputarit,qnsd</strong></span> 
     </span>
     <span class='ocr_line' id='line_1_82' title="bbox 1024 5304 1830 5377; baseline -0.011 -9"><span class='ocrx_word' id='word_1_786' title='bbox 1024 5309 1179 5368; x_wconf 85' lang='lat' dir='ltr'><strong>Lactantius</strong></span> <span class='ocrx_word' id='word_1_787' title='bbox 1200 5307 1228 5364; x_wconf 87' lang='lat' dir='ltr'><strong>in</strong></span> <span class='ocrx_word' id='word_1_788' title='bbox 1248 5306 1362 5377; x_wconf 62' lang='lat' dir='ltr'><strong>robalis</strong></span> <span class='ocrx_word' id='word_1_789' title='bbox 1381 5306 1510 5362; x_wconf 88' lang='lat' dir='ltr'><strong>librorum</strong></span> <span class='ocrx_word' id='word_1_790' title='bbox 1530 5319 1641 5359; x_wconf 81' lang='lat' dir='ltr'><strong>surorum</strong></span> <span class='ocrx_word' id='word_1_791' title='bbox 1664 5304 1830 5362; x_wconf 80' lang='lat' dir='ltr'><strong>editionibus</strong></span> 
     </span>
     <span class='ocr_line' id='line_1_83' title="bbox 1026 5395 1830 5466; baseline -0.007 -9"><span class='ocrx_word' id='word_1_792' title='bbox 1026 5420 1080 5458; x_wconf 88' lang='lat' dir='ltr'><strong>rrnn</strong></span> <span class='ocrx_word' id='word_1_793' title='bbox 1093 5399 1225 5466; x_wconf 73' lang='lat' dir='ltr'><strong>cecilius,</strong></span> <span class='ocrx_word' id='word_1_794' title='bbox 1242 5400 1291 5460; x_wconf 76' lang='lat' dir='ltr'><strong>sod</strong></span> <span class='ocrx_word' id='word_1_795' title='bbox 1304 5399 1402 5458; x_wconf 70' lang='lat' dir='ltr'><strong>Caclius</strong></span> <span class='ocrx_word' id='word_1_796' title='bbox 1415 5407 1536 5454; x_wconf 82' lang='lat' dir='ltr'><strong>roostar.</strong></span> <span class='ocrx_word' id='word_1_797' title='bbox 1547 5395 1600 5452; x_wconf 79' lang='lat' dir='ltr'><strong>Sed</strong></span> <span class='ocrx_word' id='word_1_798' title='bbox 1615 5395 1830 5466; x_wconf 65' lang='lat' dir='ltr'><strong>respondetis!</strong></span> 
     </span>
     <span class='ocr_line' id='line_1_84' title="bbox 1026 5490 1830 5560; baseline -0.011 -7"><span class='ocrx_word' id='word_1_799' title='bbox 1026 5500 1092 5554; x_wconf 88' lang='lat' dir='ltr'><strong>lenis</strong></span> <span class='ocrx_word' id='word_1_800' title='bbox 1117 5497 1247 5553; x_wconf 85' lang='lat' dir='ltr'><strong>rttontenti</strong></span> <span class='ocrx_word' id='word_1_801' title='bbox 1266 5509 1327 5552; x_wconf 84' lang='lat' dir='ltr'><strong>esso</strong></span> <span class='ocrx_word' id='word_1_802' title='bbox 1348 5494 1418 5550; x_wconf 86' lang='lat' dir='ltr'><strong>bano</strong></span> <span class='ocrx_word' id='word_1_803' title='bbox 1435 5491 1636 5560; x_wconf 83' lang='lat' dir='ltr'><strong>diilrcultatem,</strong></span> <span class='ocrx_word' id='word_1_804' title='bbox 1650 5497 1681 5545; x_wconf 90' lang='grc' dir='ltr'><strong>ιιι</strong></span> <span class='ocrx_word' id='word_1_805' title='bbox 1692 5490 1830 5545; x_wconf 75' lang='lat' dir='ltr'><strong>nemiuem</strong></span> 
     </span>
     <span class='ocr_line' id='line_1_85' title="bbox 1026 5579 1829 5662; baseline -0.012 -16"><span class='ocrx_word' id='word_1_806' title='bbox 1026 5605 1138 5662; x_wconf 89' lang='lat' dir='ltr'><strong>prorsus</strong></span> <span class='ocrx_word' id='word_1_807' title='bbox 1152 5603 1263 5645; x_wconf 87' lang='lat' dir='ltr'><strong>morere</strong></span> <span class='ocrx_word' id='word_1_808' title='bbox 1275 5587 1381 5643; x_wconf 84' lang='lat' dir='ltr'><strong>debeat.</strong></span> <span class='ocrx_word' id='word_1_809' title='bbox 1395 5584 1424 5640; x_wconf 89' lang='lat' dir='ltr'><strong>ln</strong></span> <span class='ocrx_word' id='word_1_810' title='bbox 1444 5584 1599 5640; x_wconf 74' lang='lat' dir='ltr'><strong>colbertino</strong></span> <span class='ocrx_word' id='word_1_811' title='bbox 1612 5584 1752 5639; x_wconf 75' lang='lat' dir='ltr'><strong>enimvero</strong></span> <span class='ocrx_word' id='word_1_812' title='bbox 1764 5579 1829 5648; x_wconf 79' lang='lat' dir='ltr'><strong>itur,</strong></span> 
     </span>
     <span class='ocr_line' id='line_1_86' title="bbox 1026 5672 1831 5746; baseline -0.006 -12"><span class='ocrx_word' id='word_1_813' title='bbox 1026 5683 1162 5740; x_wconf 82' lang='lat' dir='ltr'><strong>variorum</strong></span> <span class='ocrx_word' id='word_1_814' title='bbox 1177 5682 1309 5737; x_wconf 74' lang='lat' dir='ltr'><strong>lactamit</strong></span> <span class='ocrx_word' id='word_1_815' title='bbox 1328 5679 1457 5736; x_wconf 85' lang='lat' dir='ltr'><strong>librorum</strong></span> <span class='ocrx_word' id='word_1_816' title='bbox 1470 5676 1563 5733; x_wconf 85' lang='lat' dir='ltr'><strong>codiee</strong></span> <span class='ocrx_word' id='word_1_817' title='bbox 1579 5684 1746 5746; x_wconf 85' lang='lat' dir='ltr'><strong>tronenpator</strong></span> <span class='ocrx_word' id='word_1_818' title='bbox 1759 5672 1831 5731; x_wconf 71' lang='lat' dir='ltr'><strong>coes</strong></span> 
     </span>
     <span class='ocr_line' id='line_1_87' title="bbox 1026 5767 1835 5844; baseline -0.005 -14"><span class='ocrx_word' id='word_1_819' title='bbox 1026 5777 1087 5844; x_wconf 86' lang='lat' dir='ltr'><strong>lius,</strong></span> <span class='ocrx_word' id='word_1_820' title='bbox 1104 5775 1131 5831; x_wconf 89' lang='lat' dir='ltr'><strong>in</strong></span> <span class='ocrx_word' id='word_1_821' title='bbox 1150 5774 1210 5831; x_wconf 85' lang='lat' dir='ltr'><strong>aliis</strong></span> <span class='ocrx_word' id='word_1_822' title='bbox 1228 5790 1293 5831; x_wconf 81' lang='lat' dir='ltr'><strong>sero</strong></span> <span class='ocrx_word' id='word_1_823' title='bbox 1307 5772 1411 5830; x_wconf 84' lang='lat' dir='ltr'><strong>duobus</strong></span> <span class='ocrx_word' id='word_1_824' title='bbox 1432 5771 1502 5826; x_wconf 73' lang='lat' dir='ltr'><strong>tuus</strong></span> <span class='ocrx_word' id='word_1_825' title='bbox 1515 5782 1542 5826; x_wconf 89' lang='lat' dir='ltr'><strong>et</strong></span> <span class='ocrx_word' id='word_1_826' title='bbox 1564 5769 1645 5835; x_wconf 77' lang='lat' dir='ltr'><strong>tras,</strong></span> <span class='ocrx_word' id='word_1_827' title='bbox 1666 5783 1717 5824; x_wconf 90' lang='lat' dir='ltr'><strong>nec</strong></span> <span class='ocrx_word' id='word_1_828' title='bbox 1736 5783 1790 5824; x_wconf 87' lang='lat' dir='ltr'><strong>non</strong></span> <span class='ocrx_word' id='word_1_829' title='bbox 1806 5767 1835 5826; x_wconf 82' lang='lat' dir='ltr'><strong>its</strong></span> 
     </span>
    </p>
   </div>
   <div class='ocr_carea' id='block_1_16' title="bbox 0 0 2087 6180">
    <p class='ocr_par' dir='ltr' id='par_1_22' title="bbox 0 0 2087 6180">
     <span class='ocr_line' id='line_1_88' title="bbox 0 0 2087 6180; baseline 0 0"><span class='ocrx_word' id='word_1_830' title='bbox 0 0 2087 6180; x_wconf 95' lang='lat' dir='ltr'><strong> </strong></span> 
     </span>
    </p>
   </div>
  </div>
 </body>
</html>
