4142 6184
154 265 229 328 that
592 264 668 324 cac.
689 266 734 325 tv.
756 264 886 325 anduh.
907 264 953 325 DE
973 264 1088 344 lnlttt.
1111 269 1188 328 net.
1211 271 1348 332 ctttrtst.
1740 279 1811 341 1018

154 388 209 445 tur,
225 376 306 433 vitam
319 375 467 432 imitantur.
488 392 498 428 r
516 373 588 434 lllihi
602 393 667 435 uero
682 394 688 433 :
706 398 715 430 r
731 377 808 434 Nulla
824 393 889 449 gens
904 388 957 433 latu
971 381 996 442 ,l
1009 383 1163 440 iudaeorum
1189 386 1295 454 locuni,
1318 388 1388 443 lilios
1410 386 1507 444 tronnn
1524 388 1643 460 ipsorum
1666 392 1809 461 appellari.

153 470 302 528 inlnnnann
318 477 370 538 est,
383 468 455 524 nulla
471 470 546 541 regio
560 481 613 525 tant
628 480 742 537 rentota,
755 472 796 527 cui
811 483 856 526 aut
871 473 960 542 passio
1010 477 1088 546 Quod
1105 477 1148 534 ille
1163 479 1273 550 iusuper
1293 482 1437 537 cotrhrnrat
1460 482 1591 553 Sihyilinn
1607 499 1706 550 versu,
1729 500 1810 555 quent

153 563 226 636 ejus,
251 562 382 619 »Christi
397 562 536 630 videlicet,
554 582 563 614 r
583 573 629 619 ant
647 565 798 620 sublimitas
813 563 960 636 nrajestatis
1011 569 1168 627 lnsecnndo
1178 572 1330 643 antiquiore
1341 572 1435 630 codice
1449 574 1524 643 regio
1534 575 1574 629 sic
1584 574 1666 631 latine
1678 575 1809 645 legimns:

153 656 310 730 ignotasitr
328 655 460 730 (ductant.
473 656 517 713 hl.
535 676 571 715 tv.
588 658 656 716 last.
680 676 739 732 cap.
759 659 826 733 16).
839 661 961 733 Denique
1010 659 1162 718 indecorant
1175 662 1277 718 lectuna
1291 664 1403 719 diuinam
1418 680 1498 736 genus
1509 664 1660 722 coelertinut.
1678 664 1731 722 Sed
1745 664 1811 722 illud

153 751 209 806 alio
221 750 311 807 adhue
333 751 362 806 in
382 751 462 807 loco:
481 770 491 804 a
509 752 550 808 lh
573 763 651 821 ortu,
674 752 778 825 inquit,
794 752 860 808 solis
875 767 960 823 astrue
1011 753 1144 810 attaledico
1166 754 1247 811 dente
1265 755 1350 827 carpit
1364 754 1498 823 Gallicus,
1520 758 1593 829 qtrod
1613 764 1708 813 auctor
1719 764 1812 814 noster

153 842 190 898 ad
214 858 343 901 occasum
355 842 399 899 lex
413 843 505 899 divina
519 855 644 917 suscepta
660 854 703 901 est
719 864 729 899 r
747 843 851 917 (idem,
868 844 914 900 lib.
929 860 958 910 v,
1011 843 1080 901 dixit
1101 845 1263 904 christianos
1282 847 1438 905 indecorum
1461 847 1534 905 illios
1557 850 1724 920 nuncupari;
1748 851 1811 921 quia

154 951 213 1006 cap.
234 934 295 1008 la).
315 934 479 1004 Quisantem
496 935 607 993 dilhteri
622 944 710 1006 potest
729 951 789 993 cant
802 936 960 1007 religionem
1011 935 1110 992 Paulus
1122 937 1283 1006 manilesle,
1298 940 1338 995 nti
1358 939 1404 996 ille
1417 939 1471 1008 ait,
1491 940 1526 997 ah
1543 940 1668 1013 gentihus
1687 940 1811 998 distinxit

153 1042 216 1084 esse
228 1041 331 1094 veram,
347 1042 408 1099 quas
428 1042 476 1099 per
490 1036 575 1084 totum
597 1035 729 1085 terrarum
748 1029 842 1085 orhem
862 1028 958 1085 eodem
1009 1028 1118 1088 iudeus
1132 1030 1224 1102 (Paul.
1239 1034 1315 1104 epist.
1327 1034 1363 1087 ad
1376 1032 1461 1090 Galat.
1485 1050 1544 1106 cap.
1573 1050 1617 1102 nn,
1633 1035 1650 1092 t
1666 1045 1690 1091 et
1717 1035 1762 1104 29,
1786 1045 1810 1092 et

153 1119 237 1189 plane
261 1131 405 1192 propagata
435 1127 478 1176 est
500 1120 602 1189 modo,
627 1135 708 1191 quern
735 1120 826 1176 divino
848 1119 959 1176 alllante
1010 1141 1069 1197 cap.
1092 1141 1132 1196 rv,
1147 1126 1205 1198 31).
1222 1127 1292 1196 Quid
1310 1142 1385 1201 ergo,
1404 1128 1475 1186 hunc
1500 1129 1552 1198 vir,
1578 1145 1669 1186 nonne
1688 1129 1809 1187 innalunt

152 1211 269 1283 Spiritu,
284 1210 423 1283 prophetae
436 1211 517 1283 longe
532 1219 612 1270 antea
625 1210 824 1281 praedixerant?
840 1210 893 1267 Sed
907 1211 959 1268 hoc
1010 1217 1038 1272 in
1062 1216 1190 1290 antiquos
1214 1219 1344 1277 Ecclesiae
1365 1220 1458 1277 Patres
1481 1220 1572 1278 odium
1595 1231 1622 1279 te
1646 1222 1810 1279 occaecavit?

153 1311 345 1374 argumentum
369 1303 450 1374 paulo
474 1303 552 1359 aliter
575 1312 604 1360 et
627 1304 737 1361 uherins
760 1313 902 1360 tractatura
924 1303 959 1360 ah
1009 1307 1061 1377 Qui
1075 1309 1148 1367 enim
1164 1310 1286 1369 ohlivisci
1310 1319 1357 1369 aut
1370 1312 1542 1370 dissimulare
1564 1313 1673 1384 potuisti
1686 1314 1810 1370 christia·

154 1395 278 1453 Arnohio
287 1396 404 1480 vidimus
417 1406 445 1454 et
458 1398 646 1467 expendimus.
1010 1418 1061 1460 nos
1075 1404 1110 1460 ah
1125 1404 1220 1462 eodem
1234 1405 1365 1477 apostolo
1379 1420 1473 1462 semen
1486 1405 1621 1476 ahrahae,
1643 1417 1724 1479 atquo
1738 1406 1811 1463 illius

189 1491 326 1548 Caeterum
341 1490 497 1549 hactartlins
506 1491 637 1566 (iactant.
650 1495 695 1549 hl.
707 1510 737 1550 nr
749 1494 829 1560 inst..
840 1511 898 1567 cap.
912 1494 958 1566 10)
1009 1497 1080 1554 sicut
1093 1505 1121 1555 et
1134 1497 1231 1565 liheroe,
1248 1497 1344 1566 idest,
1359 1498 1435 1556 Sarae
1449 1497 1520 1555 iilius
1534 1498 1686 1572 appellari?

154 1584 183 1640 in
207 1583 403 1656 propositionis
427 1600 483 1641 suta
511 1584 748 1643 confirmationem
773 1587 825 1642 alla
856 1586 959 1658 prulert
1046 1590 1227 1657 Quamobrem
1240 1592 1349 1649 omissis
1365 1593 1407 1648 his
1421 1594 1503 1665 inepti
1517 1593 1671 1650 scholiasta
1686 1594 1809 1667 quisqui-

153 1675 312 1734 corumdem
324 1692 463 1734 sacrorum
477 1687 567 1734 vatum
583 1679 854 1750 testimottia,qnihus
869 1680 956 1751 palam
1010 1683 1068 1752 liis,
1095 1684 1263 1743 Lactantium
1291 1696 1413 1744 nastrum
1436 1703 1582 1760 seqtramnr
1611 1687 1702 1762 (huet.
1718 1689 1806 1765 idid).

153 1768 382 1826 denuntiaverant
399 1771 475 1837 lore,
491 1781 520 1826 nt
533 1769 672 1841 Christus,
689 1773 813 1828 ahdicalo
826 1782 853 1830 et
865 1773 958 1829 eslim·
972 1781 997 1841 Β
1010 1774 1092 1833 Suana
1115 1787 1204 1834 autem
1228 1781 1404 1837 assertionem
1426 1795 1521 1837 rursus
1545 1780 1643 1851 prohat
1663 1780 1714 1836 hac
1735 1780 1810 1837 lsaias

154 1862 250 1920 redata
264 1862 376 1922 Iudaico
392 1863 501 1935 populo,
517 1864 680 1921 christianos
700 1866 800 1921 laceret
822 1864 897 1937 regni
916 1866 958 1921 sui
1011 1867 1186 1937 praedictione
1211 1868 1310 1942 (leuius
1329 1884 1386 1942 cup.
1403 1887 1472 1940 χιιι,
1488 1873 1540 1928 det
1555 1872 1582 1944 i)
1598 1888 1606 1932 ;
1620 1872 1697 1942 Aprrd
1717 1888 1808 1943 guerre,

155 1954 290 2012 heredes.
313 1955 432 2011 Primum
454 1963 544 2010 euntem
565 1957 683 2012 desumit
704 1970 738 2012 ex
759 1955 802 2012 his
815 1955 959 2013 llierenrim
1010 1959 1112 2030 inquait,
1134 1957 1214 2015 Peter
1227 1978 1341 2018 summus
1361 1963 1396 2018 nd
1419 1964 1518 2019 Filium
1542 1964 1674 2035 loquitur,
1702 1964 1810 2021 diceas:

154 2048 263 2105 verhis:
279 2048 411 2104 Ecccdies
427 2050 542 2118 veniunt,
563 2050 625 2105 dicit
647 2049 789 2118 Dcrrrirtur,
803 2059 827 2104 et
841 2066 960 2106 consunt-
1010 2048 1067 2122 Ego
1082 2048 1207 2106 Donatius
1231 2049 1302 2108 Deus
1322 2054 1408 2109 eccuni
1427 2057 1494 2110 lein
1511 2057 1651 2130 justitient,
1676 2067 1700 2112 et
1722 2056 1810 2113 tenebo

153 2142 232 2198 archo
243 2142 329 2198 donini
341 2141 436 2211 isreel,
448 2152 472 2198 el
482 2144 571 2198 dotasti
583 2142 654 2198 Jndo
667 2152 843 2199 testamentum
853 2159 957 2211 trorum,
1010 2157 1114 2195 tttaaunr
1129 2151 1215 2208 tanin,
1236 2151 1260 2198 et
1278 2145 1435 2214 corrfirntado
1457 2155 1481 2200 te
1504 2147 1596 2218 (lxxta
1616 2157 1644 2204 el
1657 2146 1809 2220 Cyprianus

154 2251 211 2289 aton
242 2236 381 2291 exundant
404 2244 584 2291 teslurrtcntam
607 2235 676 2306 qnod
706 2236 821 2309 disposui
844 2236 959 2306 putridus
1010 2231 1101 2305 (Cypr.
1115 2233 1159 2289 til.
1167 2251 1186 2291 tt
1197 2235 1405 2311 udu.iudteos,§
1419 2237 1621 2312 7),con[orludc
1629 2241 1675 2310 le),
1686 2250 1709 2294 el
1718 2241 1778 2296 dedi
1788 2253 1812 2297 te

153 2343 245 2383 aornim
263 2328 290 2382 in
307 2328 366 2396 die,
382 2345 432 2399 pua
445 2328 604 2401 apprehendi
618 2345 724 2384 amnem
739 2345 837 2398 aarum,
853 2339 880 2383 nt
894 2330 959 2384 edn-
1009 2325 1037 2378 in
1055 2335 1233 2381 testontentum
1251 2329 1349 2398 generis
1374 2331 1424 2383 arei
1446 2330 1531 2403 (nxxtt
1553 2332 1582 2385 in
1604 2333 1687 2405 sedus
1711 2334 1811 2404 generis

155 2436 240 2475 cerem
253 2436 295 2477 eos
309 2422 341 2476 de
361 2431 431 2476 terra
452 2421 568 2494 Egypti,·
583 2422 645 2494 guia
657 2422 708 2494 ipsi
721 2438 772 2476 non
784 2437 960 2495 parentante·
1010 2415 1105 2490 lsrael)
1118 2419 1144 2473 in
1160 2418 1241 2474 lucent
1252 2421 1366 2492 gentiunt
1377 2421 1477 2492 aperire
1488 2427 1576 2478 oculor
1590 2439 1727 2492 saccorum,
1747 2441 1809 2495 pro·

155 2524 219 2568 rent
239 2514 268 2568 tn
291 2523 441 2571 testamento
470 2530 544 2581 areo,
570 2522 594 2568 et
616 2529 664 2586 epo
685 2513 785 2584 neglexi
809 2529 869 2581 eos,
898 2511 959 2567 dicit
981 2534 985 2542 ·
1009 2514 1103 2566 ducac
1117 2527 1148 2566 ec
1162 2512 1271 2567 vinculis
1290 2512 1426 2585 alligatos,
1448 2522 1474 2569 et
1497 2515 1529 2570 de
1550 2515 1627 2570 dorne
1640 2516 1749 2570 carceris
1767 2532 1809 2571 sc·

156 2604 286 2662 Dominus
308 2605 437 2678 (Hieran.
463 2624 521 2678 cap.
537 2621 616 2672 tut,
646 2607 678 2663 al
698 2616 721 2661 et
748 2603 805 2679 11).
821 2603 888 2672 Quae
901 2604 960 2676 qui-
1010 2602 1096 2658 dentes
1110 2601 1137 2657 in
1152 2602 1271 2658 tenebris.
1286 2602 1390 2671 Quibus
1404 2603 1451 2660 ille
1466 2603 1555 2661 verhis
1570 2604 1720 2677 ,significari
1735 2615 1812 2678 putat

156 2696 219 2754 dem
241 2697 367 2769 leguntur
390 2697 417 2752 in
432 2712 505 2753 usn
519 2698 757 2767 interpretatione,
772 2705 799 2752 et
819 2695 890 2767 apud
906 2696 959 2768 Cy·
1010 2712 1071 2766 nos,
1087 2712 1148 2754 cum
1171 2705 1251 2753 antea
1277 2706 1404 2769 tanquam
1424 2698 1511 2768 caeci,
1530 2707 1558 2755 et
1570 2713 1680 2757 carcere
1695 2700 1808 2768 inclusi,

156 2790 281 2862 priunum
296 2790 432 2865 (Cyprium
456 2791 501 2848 hl.
522 2809 547 2860 t,
566 2792 625 2847 adn.
649 2790 772 2859 iudces,
794 2790 890 2864 511),
914 2795 959 2863 qul
1011 2790 1096 2847 Deum
1111 2789 1308 2861 veritatemque
1328 2790 1531 2861 ignoraremus,
1547 2790 1631 2848 inisse
1651 2790 1685 2846 ah
1697 2806 1731 2847 eo
1750 2790 1811 2847 illn-

157 2903 190 2945 ea
210 2888 287 2945 sicuti
306 2887 462 2945 Lactantius
474 2897 567 2944 noster
583 2889 773 2959 interpretatus
788 2894 840 2943 est.
855 2886 960 2943 Eodem
1011 2883 1138 2952 minatus,
1159 2882 1263 2940 solutos
1277 2882 1356 2940 malis
1370 2884 1496 2950 vinculis,
1510 2894 1538 2941 et
1553 2884 1579 2940 in
1601 2885 1677 2957 regui
1691 2885 1812 2944 caelestis

158 2995 267 3053 quoquc
279 2981 361 3037 modo
371 2982 476 3038 duohus
489 2981 517 3036 in
532 2981 608 3037 lihris
620 2991 712 3037 cotnra
729 2979 837 3036 iudans
849 2987 877 3035 et
890 2978 960 3034 llar-
1011 2973 1128 3030 adscitos
1148 2974 1346 3033 haereditatem.
1359 2975 1461 3033 Eadem
1481 2976 1530 3033 luit
1547 2978 1681 3034 sententia
1702 2979 1810 3036 Tertul-

74 3084 84 3091 ·
158 3077 266 3134 cionem
280 3074 343 3132 inde
354 3084 557 3148 argumentatur
569 3073 752 3130 Tertullianus
769 3072 896 3145 (Tertull.
913 3072 958 3127 lid.
1011 3064 1086 3135 lieni,
1101 3082 1179 3138 quern
1191 3067 1273 3123 velint
1286 3067 1392 3138 audias,
1406 3067 1537 3125 adversus
1550 3068 1658 3127 iudaeos
1672 3069 1812 3143 disputan-

159 3169 221 3224 eda.
233 3168 352 3237 iudces,
366 3185 423 3242 cap.
437 3184 484 3238 vn,
500 3177 523 3224 et
536 3167 580 3222 til.
597 3183 623 3221 tv
636 3167 696 3221 ndo.
713 3165 840 3221 Marcion.
857 3181 915 3237 cup.
928 3169 959 3236 r),
975 3169 998 3235 c
1014 3167 1085 3225 lem;
1104 3177 1114 3210 a
1132 3159 1248 3230 Aspice,
1267 3179 1277 3213 r
1296 3161 1394 3232 inquit,
1412 3179 1422 3213 r
1440 3163 1580 3219 universas
1606 3162 1749 3231 trationes,
1777 3163 1812 3221 de

161 3262 208 3334 qui
222 3271 311 3319 tamen
324 3261 431 3318 duobus
444 3260 499 3317 lllis
510 3261 537 3315 in
552 3259 619 3315 locis
632 3259 738 3314 diversa
752 3257 856 3316 ratione
870 3257 962 3313 retulit
1013 3251 1141 3323 voragine
1154 3252 1255 3308 erroris
1276 3250 1388 3309 humani
1409 3254 1507 3311 exinde
1526 3264 1696 3328 emergentes
1715 3256 1748 3313 ad
1764 3256 1812 3312 dn-

162 3355 308 3413 llierenriae
337 3355 431 3412 verha.
454 3352 508 3411 Sed
536 3352 616 3422 harjus
642 3349 807 3407 diversitatis
832 3364 885 3406 non
911 3348 973 3404 aliav
1013 3343 1117 3399 aninum
1133 3344 1216 3401 heum
1231 3354 1394 3416 creatorem,
1409 3355 1436 3403 ct
1448 3347 1483 3405 ad
1495 3348 1578 3404 Deum
1592 3346 1729 3405 Christum
1743 3349 1811 3421 ejus;

162 3449 258 3521 procul
272 3448 354 3505 duhio
367 3462 447 3504 causa
462 3446 526 3512 luit,
546 3445 597 3501 nisi
617 3444 681 3516 quia
699 3442 746 3499 illa
767 3442 913 3514 aliqnando
928 3442 962 3499 ah
1013 3436 1078 3492 ⁰1⁸1
1091 3437 1186 3504 ludes,
1204 3454 1271 3511 negt
1285 3440 1484 3512 prophetatum.
1498 3441 1594 3498 Statim
1609 3442 1657 3499 tihi
1671 3444 1815 3515 promissio

162 3542 235 3614 ipso,
249 3542 319 3599 sicut
340 3543 398 3598 aliis
422 3541 550 3597 Ecclesiae
574 3539 698 3594 Patrlhns
720 3551 770 3594 usu
793 3538 863 3593 lrand
877 3538 963 3596 semel
1014 3531 1133 3586 occurrit
1136 3568 1190 3585 ·····
1221 3530 1297 3589 Sient
1318 3541 1367 3602 nel
1388 3532 1485 3589 l'saIam
1500 3534 1586 3591 dicit:
1609 3535 1681 3593 Ecce
1701 3537 1764 3594 dedi
1785 3538 1815 3594 in

161 3637 256 3702 renit,
271 3637 427 3693 memoriter
448 3643 550 3691 tanturn
571 3631 673 3689 reddita
694 3642 766 3689 sunt.
783 3631 964 3705 llieronymus
1014 3623 1218 3694 distwsilicltem
1231 3627 1340 3695 generis
1352 3627 1416 3693 mci,
1428 3627 1454 3681 in
1467 3628 1553 3684 lucent
1566 3630 1815 3701 northmannica

162 3744 231 3786 vero
244 3727 409 3802 (llieronprn.
424 3728 451 3784 in
464 3727 507 3783 cit.
523 3725 638 3782 lliereat.
653 3724 717 3794 loc.)
729 3723 800 3780 hand
811 3724 964 3780 dubitanter
1015 3718 1109 3775 oculos
1131 3732 1284 3785 caecarunt,
1311 3720 1402 3791 utiquc
1424 3719 1591 3790 errantium,
1616 3724 1758 3781 exsoluere
1779 3724 1813 3782 tle

163 3829 303 3877 asseverat
321 3819 432 3875 Paulum
447 3817 605 3889 Apostolum
625 3816 770 3872 hocantea
786 3830 864 3870 usuro
880 3813 965 3872 luisse
1015 3809 1130 3866 vinculis
1143 3810 1258 3877 vinctos,
1274 3809 1300 3867 id
1320 3822 1378 3879 est,
1402 3811 1436 3868 de
1461 3811 1567 3870 delictis
1590 3813 1715 3884 liherare,
1738 3826 1765 3873 et
1778 3816 1814 3873 de
1906 3819 1909 3824 “

165 3911 332 3976 testimonio,
347 3925 497 3980 omnesque
515 3908 643 3980 deinceps
667 3905 868 3965 ecclesiasticos
883 3907 965 3973 ‚viros
1016 3904 1098 3961 domo
1112 3907 1248 3974 carceris,
1263 3906 1289 3963 id
1304 3917 1362 3972 est,
1378 3907 1491 3976 mortis,
1509 3908 1637 3968 sedentes
1652 3911 1678 3967 in
1695 3913 1814 3971 tenebris

165 4007 306 4063 censuisse
322 4005 386 4063 illud
406 4006 432 4061 in
450 4004 537 4075 primo
552 4001 652 4059 Christi
667 4000 784 4058 adventu
801 4002 964 4072 completum
1017 3999 1175 4069 ignorantia
1197 4000 1311 4057 scilicet.
1332 4019 1342 4055 a
1360 4000 1482 4072 (Tertull.
1510 4003 1555 4059 hl.
1578 4005 1638 4061 adn.
1663 4006 1729 4062 lud.
1753 4024 1811 4079 cap.
1870 4073 1883 4094 X

167 4101 278 4168 quando
292 4096 470 4170 Evangelium
484 4095 577 4152 Veteri
597 4094 773 4150 Testamenta
788 4092 928 4150 successit.
1017 4090 1078 4162 sn).
1093 4091 1163 4161 Quid
1176 4100 1266 4151 autem
1281 4092 1413 4150 Lactantii
1425 4132 1432 4161 ,
1446 4110 1496 4152 uro
1510 4103 1547 4163 te,
1561 4095 1735 4168 disputationi
1756 4115 1815 4155 rna·

202 4190 354 4248 Secundam
369 4189 465 4246 lulnrte
478 4189 556 4258 hnjus
570 4187 750 4244 successionis
763 4185 966 4258 pranlictionem
1017 4184 1059 4254 gis
1076 4184 1244 4256 congruum?
1257 4184 1352 4242 Nonne
1372 4186 1395 4242 is
1409 4185 1457 4243 tihi
1472 4186 1607 4243 videhilnr
1620 4188 1693 4245 illam
1708 4204 1743 4247 ex
1763 4190 1815 4247 hoc

165 4281 210 4340 his
222 4281 379 4339 Lactantius
392 4279 479 4352 (hart.
495 4278 572 4348 llic.)
592 4287 686 4336 censet
705 4277 824 4350 exprimi
843 4276 965 4347 ejusdem
1018 4274 1175 4332 Tertulliani
1207 4275 1280 4331 lonte
1303 4275 1448 4333 hausisse?
1472 4277 1539 4346 Quis
1562 4294 1627 4349 ergo
1652 4279 1816 4339 inliciahilur

165 4370 692 4443 iheremiarverhis:Dereliqnidemnm
704 4386 795 4436 monn,
812 4370 899 4425 dirrrisi
913 4368 967 4423 tra·
1018 4383 1110 4424 reram
1136 4381 1198 4423 esse
1225 4366 1383 4439 religionem
1409 4377 1574 4426 sectatorum
1601 4369 1722 4441 Christi,
1747 4389 1816 4444 qnos

165 4469 302 4525 feditatem
316 4483 398 4522 areum
413 4465 496 4539 (csxn
509 4464 628 4520 addunt:
643 4461 710 4517 hedi
721 4463 840 4518 dilectem
854 4460 968 4515 anianum
1019 4459 1159 4531 propheta
1172 4468 1200 4515 et
1220 4460 1335 4529 ipsemet
1345 4459 1469 4517 Christus
1482 4461 1709 4520 annuntiaverant
1730 4465 1757 4520 in
1777 4466 1817 4523 lo·

166 4564 262 4633 mnan)
272 4563 301 4618 in
318 4576 412 4618 munus
425 4560 589 4615 irrinticorunr
603 4557 668 4629 ejus.
686 4554 770 4610 Tacta
783 4563 821 4611 est
832 4554 969 4610 increditus
981 4560 1008 4622 ι)
1020 4569 1082 4611 cunt
1097 4553 1266 4611 exheredati
1287 4554 1381 4627 populi
1393 4554 1496 4613 iudaici
1511 4553 1640 4614 diuinitus
1652 4557 1819 4615 substituen-

167 4673 226 4712 anea
240 4656 314 4723 mihi,
332 4655 408 4731 gnari
431 4654 470 4710 leo
491 4654 612 4724 irtsglna.
633 4649 712 4706 Dedit
733 4666 809 4722 super
826 4664 866 4704 nre
881 4648 966 4723 (errat
1020 4646 1088 4705 dosi
1101 4646 1155 4703 Sed
1179 4647 1214 4703 dc
1235 4644 1277 4704 his
1300 4647 1407 4719 legendi
1427 4646 1549 4705 lustinus
1571 4647 1598 4705 in
1624 4649 1736 4722 llialogo
1757 4667 1819 4708 curn

167 4747 322 4821 coartante)
336 4764 421 4804 nocem
442 4762 526 4815 ruam,
549 4745 607 4800 ideo
632 4742 676 4800 odi
698 4759 754 4797 eunt
779 4742 866 4816 (stan
886 4739 966 4801 adivi)
1020 4740 1177 4813 Tryphone,
1190 4747 1219 4798 et
1231 4739 1363 4797 Eusebius
1373 4739 1408 4797 de
1424 4740 1576 4798 Demonstr.
1589 4741 1693 4813 Evang.
1714 4742 1762 4800 tlh.
1777 4759 1817 4812 rx,

168 4858 226 4898 earn
259 4839 436 4913 lhtnoapm.
461 4855 519 4911 cap.
546 4851 602 4904 an,
628 4836 644 4891 t
668 4843 697 4891 et
717 4831 770 4906 8).
796 4830 967 4890 lleredtntts
1022 4848 1073 4906 pag
1087 4832 1151 4901 115,
1164 4840 1262 4905 etseu.
1276 4832 1426 4905 atquealii.

169 4937 311 4993 enimvero
325 4937 450 5001 nomine,
473 4931 511 4989 ait
530 4928 704 4995 Lactantius,
721 4941 775 4984 nnn
789 4939 902 4997 regnum
920 4924 968 4981 de-
1058 4924 1150 4996 Neque
1163 4939 1244 4997 porro
1257 4925 1309 4982 illae
1319 4925 1474 4993 dumtaxat,
1488 4941 1549 4997 quc
1560 4926 1662 4984 exitum
1674 4941 1752 4983 suum
1771 4927 1821 4985 ha·

169 5031 303 5102 signatur,
317 5028 365 5086 sod
377 5027 473 5099 ingrati
486 5033 515 5082 et
526 5023 601 5095 impii
615 5021 737 5079 haeredes
751 5019 855 5088 tanet,
871 5018 969 5091 quihus
1022 5017 1155 5082 buerunt,
1177 5018 1212 5073 de
1232 5016 1378 5073 christiana
1395 5016 1526 5088 religione
1539 5016 1702 5075 instituenda
1715 5033 1747 5074 ac
1760 5035 1824 5091 pro·

169 5122 297 5180 Christus
309 5120 394 5178 lectus
407 5127 449 5176 est
463 5118 532 5174 sicul
543 5117 597 5184 leo,
618 5114 644 5170 id
666 5124 722 5182 est,
738 5113 846 5185 prada,
861 5110 969 5185 quando
1022 5106 1144 5179 paganda
1165 5107 1370 5177 praedictionem
1384 5109 1432 5165 sed
1447 5108 1569 5177 eiusdem
1589 5109 1671 5165 eliam
1686 5110 1824 5182 religionis

113 5223 119 5230 ‘
171 5232 236 5275 eum
253 5214 343 5272 crucis
360 5209 493 5283 supplicio
516 5206 726 5274 interfecerunt,
747 5220 809 5262 cnm
833 5203 907 5275 prius
922 5203 971 5259 de·
1022 5201 1162 5270 maratus,
1177 5199 1339 5258 documenta
1353 5210 1380 5258 et
1392 5211 1544 5273 praecepta,
1560 5202 1658 5273 quihus
1671 5219 1732 5262 eant
1755 5219 1821 5278 pro·

172 5312 277 5368 dissent
290 5325 376 5381 seper,
391 5307 449 5363 sive
471 5315 560 5360 contre
579 5302 666 5373 ipsum
679 5316 753 5356 suant
766 5315 861 5366 noema,
888 5296 972 5353 idest
1023 5292 1132 5351 licentes
1154 5308 1203 5365 per
1231 5301 1317 5351 totum
1342 5294 1405 5351 vite
1432 5309 1489 5351 snae
1519 5296 1683 5354 curriculum
1710 5298 1826 5356 lldellter

170 5404 269 5462 mortis
290 5400 462 5458 sententiam.
485 5396 664 5466 Hieronymus
677 5408 742 5449 vera
764 5399 792 5447 et
813 5390 858 5445 alii
873 5404 971 5461 magno
1024 5386 1149 5445 ohseculi
1172 5395 1245 5455 sunt,
1269 5387 1413 5445 ueritatem
1431 5386 1505 5444 illius
1522 5389 1619 5446 mirum
1634 5388 1715 5460 plane
1728 5391 1754 5447 in
1767 5406 1826 5446 mo-

172 5509 309 5555 cunsensu
329 5491 391 5549 huic
411 5488 630 5564 propheticorum
650 5484 793 5541 verborum
809 5482 971 5552 interpreta·
1026 5480 1091 5535 dnm
1104 5481 1292 5551 comprobant.
1307 5479 1374 5537 llam
1389 5479 1478 5537 omnis
1497 5480 1723 5550 christianorum,
1737 5482 1826 5554 inquit

173 5588 484 5658 lionisuhscripscrunl.
579 5651 585 5656 ,
1025 5569 1182 5628 Laclantius
1200 5568 1341 5643 (metuat.
1366 5571 1411 5628 lid.
1437 5587 1464 5640 v,
1490 5587 1548 5645 cap.
1571 5569 1618 5644 9),
1643 5570 1736 5644 religio
1760 5572 1825 5644 quid

210 5681 297 5738 Porro
321 5688 412 5735 animm
434 5675 497 5733 inde
516 5673 620 5745 colligit
638 5671 794 5730 Lactantius
812 5666 976 5727 christianos
1026 5663 1100 5721 aliud
1122 5664 1259 5738 precipit,
1274 5664 1326 5722 nisi
1344 5673 1375 5722 ut
1388 5665 1427 5722 illi
1441 5680 1494 5724 nun
1510 5666 1597 5723 solum
1608 5665 1667 5723 sine
1681 5666 1783 5724 scelere
1797 5675 1825 5724 et

175 5789 211 5834 ex
231 5772 356 5847 gentihus
382 5786 399 5829 a
423 5765 532 5830 Christo
554 5774 716 5827 cotrvoeatos
743 5773 771 5824 ct
795 5760 922 5822 sulleetcs
948 5760 976 5817 in
1027 5758 1133 5819 maenia
1145 5800 1153 5828 ,
1167 5758 1214 5818 sed
1234 5759 1279 5832 pie
1296 5760 1568 5833 sanctequevivantl
1582 5760 1617 5818 ht
1631 5759 1688 5820 lleri
1707 5776 1760 5819 rnen
1774 5775 1824 5834 pc·
