4142 6184
308 228 363 287 οοι
1021 215 1241 276 renouant.
1873 222 1918 284 ue

342 343 485 402 ‘l'umrero
496 338 681 398 intolerandus
691 338 738 397 ille
749 342 881 412 tyrannus
890 334 1015 393 eumdem
1027 332 1111 390 Cons-
1123 336 1151 398 A
1163 333 1215 401 bit,
1235 329 1397 404 objicietque
1411 329 1509 389 tabum
1522 344 1584 388 esse
1596 329 1731 399 cecilium,
1743 333 1786 405 qai
1798 333 1918 396 Romans

307 440 451 504 ιιιιιιιιιιιιι,
464 445 492 491 ιιι
505 435 574 491 ιιιῐιιι
586 434 668 490 etiam
684 433 789 506 planius
800 430 990 503 explicabitur,
999 428 1105 495 Rornae,
1161 425 1270 483 Galerio
1288 426 1418 482 hactenns
1431 426 1528 487 risam,
1547 433 1594 480 aut
1605 426 1734 496 cognitum
1745 426 1799 498 ejus
1811 428 1918 488 ambitum

307 531 332 587 si
344 528 455 588 Aurelio
468 526 572 584 Victori
586 524 663 592 bdes,
676 524 720 582 ael
736 525 824 598 potins
837 521 1012 588 Nicomediae,
1028 529 1058 576 nt
1070 520 1108 576 ait
1159 518 1241 591 plane
1264 524 1424 589 penitusque
1451 516 1595 573 inficiatur.
1607 516 1672 586 Quis
1683 518 1760 581 enim,
1775 518 1864 589 inquiet
1875 522 1918 591 ille,

304 623 361 696 Jam
382 620 506 678 laudatus
525 618 705 691 Praxagoras,
727 626 852 689 tanqmm
867 615 991 673 obsidem
1006 614 1108 669 retine·
1159 610 1247 666 nescit
1262 608 1401 666 Aurelium
1416 606 1564 675 Victorem,
1578 617 1624 663 aut
1635 623 1694 664 eum
1703 608 1840 681 saltemqui
1851 610 1919 668 bisto-

306 715 362 774 bat.
379 713 489 770 Interim
503 728 568 770 uero
588 709 760 769 Constantini
776 718 851 781 pater
870 705 1055 771 Constantius,
1070 705 1108 761 le·
1160 700 1229 756 riam
1244 699 1317 756 illins
1332 700 1358 755 in
1372 698 1563 770 compendium
1588 699 1701 771 redegit,
1713 709 1809 770 aperte,
1822 709 1848 756 ut
1857 703 1919 773 paulo
2003 769 2006 778 Ι

306 806 374 864 tbeli
399 806 495 863 morbo
515 813 673 875 correptus,
694 802 786 875 plnres
809 799 844 856 ad
868 800 955 870 ipsum
969 797 1106 853 Galerium
1158 803 1221 851 ante
1233 795 1406 863 dicebamus,
1423 808 1582 851 asseverare
1594 793 1792 849 Constantinum
1805 794 1920 867 adbaeJu·

307 900 417 972 scripsit
435 899 551 967 litteras,
565 898 663 971 quibus
678 894 846 968 postulabat,
865 895 935 949 sient
947 890 1108 947 Valesianus
1157 887 1312 953 venonium,
1329 901 1361 943 ae
1377 885 1490 958 proinde
1515 894 1579 942 ante
1605 884 1663 940 bac
1677 895 1792 956 tempora
1810 886 1919 946 aCalerio

307 993 389 1049 etiam
411 1004 564 1063 anonymus
587 987 756 1051 testibcatnr,
780 986 856 1042 illum
873 982 926 1040 sibi
947 980 1058 1039 remitti.
1073 981 1108 1035 Αι
1158 976 1282 1035 obsidem
1310 978 1338 1033 iu
1360 978 1425 1033 urbe
1446 977 1532 1034 Roma
1556 977 1686 1049 reliqicrrir
1706 979 1918 1050 speeirretentual

307 1083 481 1141 inexorabilis
494 1080 618 1139 Celerius
640 1081 751 1136 obtusas
774 1090 854 1133 aures
879 1074 980 1131 tamdiu
997 1071 1106 1140 babuit,
1159 1070 1209 1126 Ast
1228 1071 1272 1127 nbi
1288 1070 1364 1127 illum
1378 1071 1431 1128 nisi
1445 1070 1517 1143 apud
1538 1084 1569 1126 se
1580 1069 1608 1126 in
1620 1070 1671 1125 bae
1682 1071 1737 1142 ipsa
1751 1072 1812 1127 urbe
1823 1073 1918 1132 obsidem

307 1176 395 1235 donee
427 1174 592 1247 importunis
631 1175 716 1245 patris
751 1170 913 1243 grauissime
951 1166 1108 1240 agrotantis
1159 1163 1289 1219 retinuit?
1309 1163 1404 1220 Nonne
1415 1164 1479 1234 ipsi,
1496 1162 1535 1219 uti
1545 1179 1580 1220 ex
1590 1161 1645 1234 jam
1657 1163 1735 1217 dictis
1750 1166 1919 1234 patet,niniau

307 1269 434 1343 precibus
448 1269 582 1339 fatigatus,
595 1265 622 1320 ei
637 1265 721 1320 lilium
736 1278 789 1319 non
801 1262 918 1335 potuerit
931 1260 1048 1332 amplius
1061 1273 1109 1314 ne·
1159 1263 1302 1325 suspectas
1316 1264 1387 1322 erat,
1404 1271 1484 1329 quarn
1509 1266 1538 1312 nt
1564 1253 1640 1312 illum
1658 1253 1750 1311 Roma
1768 1254 1846 1311 solnm
1856 1257 1919 1314 relin-

307 1378 382 1436 gare.
405 1362 482 1418 ‘lunc
504 1362 576 1417 enim
598 1357 777 1416 Constantino
791 1356 862 1412 dedit
887 1355 1018 1427 sigillum,
1030 1353 1108 1408 irreli-
1158 1347 1270 1417 queretl
1284 1347 1343 1403 llus
1354 1348 1469 1415 aceedit,
1492 1346 1566 1419 qnnd
1579 1345 1650 1403 idem
1664 1346 1843 1402 Constantinus
1855 1347 1920 1404 adire

308 1463 385 1512 anate
393 1452 516 1526 joardis,
531 1452 700 1524 praecepitque
713 1459 741 1504 ut
756 1448 894 1522 postridie,
909 1447 1020 1518 arreptis
1031 1462 1108 1500 murt·
1156 1437 1275 1509 iubebis·
1300 1439 1327 1493 5⁰
1342 1439 1418 1508 3⁸5³·
1435 1447 1505 1495 ¹0⁸²0
1527 1437 1624 1495 “idem
1647 1436 1786 1494 ἾθΙθδῙΙῠθ
1805 1453 1920 1511 imbibit,

308 1549 386 1618 dotis,
409 1548 623 1619 proficisceretur.
637 1544 706 1613 Quid
720 1544 858 1599 silentem
872 1541 938 1597 illud
952 1540 1069 1612 sigilium
1084 1538 1107 1595 si
1159 1531 1229 1600 ‘iliud
1246 1529 1384 1588 Galerium
1409 1530 1502 1597 ῡὺῦθὸο
1531 1529 1640 1586 sortiter
1665 1531 1793 1586 miniatii·
1806 1530 1921 1600 Quidniet

308 1641 368 1712 quis
381 1639 545 1703 sciscitetur,
560 1638 622 1695 lttric
646 1637 782 1705 lenzius,
803 1633 933 1705 bucangii
947 1633 1108 1689 auctoritate
1159 1622 1273 1679 Romaei
1288 1623 1358 1680 Tum
1373 1622 1472 1679 deinde
1486 1623 1576 1679 actius
1590 1622 1637 1679 illc
1649 1623 1767 1695 urgebit;
1787 1631 1858 1694 annue
1868 1634 1920 1690 esta,

308 1731 408 1802 iretns,
435 1731 579 1803 respondet
603 1729 745 1800 epistolam
764 1742 826 1785 esse
847 1725 1029 1783 dimissoriam
1049 1739 1110 1780 mn·
1124 1734 1149 1794 B
1161 1716 1275 1789 inquiet,
1298 1717 1380 1788 idque
1399 1718 1422 1773 si
1442 1716 1521 1784 uelis,
1536 1716 1647 1788 penitus
1669 1717 1705 1776 sit
1717 1715 1817 1773 lalsnm.
1830 1719 1922 1789 atquo·

308 1823 448 1895 uitamque
467 1822 566 1894 sigillo.
582 1821 637 1879 Sed
651 1821 688 1877 ibi
702 1819 853 1892 bucangins
866 1824 992 1874 auctores
1005 1817 1105 1872 inilmae
1159 1813 1241 1869 modo
1267 1811 1326 1869 beri
1350 1812 1452 1883 potnit,
1475 1821 1506 1866 ιιι
1528 1811 1654 1868 Galerius
1674 1812 1814 1882 imperator
1830 1812 1867 1882 qui
1885 1812 1921 1867 ali·

307 1918 449 1976 latinitatis
464 1921 539 1972 citat.
551 1915 634 1972 Nobis
647 1928 713 1970 uero
726 1914 831 1970 laellius
844 1911 1002 1983 probabitur
1015 1923 1049 1966 eo
1059 1923 1109 1964 no·
1159 1906 1287 1980 qoamdiu
1307 1907 1404 1964 saltem
1420 1907 1447 1963 in
1466 1905 1541 1962 ltalia
1567 1912 1746 1968 remanserat.
1760 1904 1860 1961 bomem
1876 1915 1922 1961 tour

308 2013 383 2070 mine
397 2010 543 2085 significari
555 2011 724 2077 arctiorem,
738 2008 815 2080 cnjus
830 2006 956 2079 ireqnens
967 2006 994 2064 in
1006 2003 1108 2061 codicis
1160 2017 1306 2074 numquam
1328 2001 1427 2057 uiderit
1438 2016 1471 2057 sc
1484 2016 1519 2057 ne
1533 1998 1620 2056 semel
1634 1997 1761 2068 quidemi
1772 1999 1820 2056 Sed
1829 1998 1922 2069 qmmrit

308 2106 491 2167 'l'beodusiaoi
505 2105 610 2175 legibus
624 2103 654 2160 lit
665 2102 779 2168 mentio,
790 2113 818 2157 et
830 2116 883 2173 qna
896 2100 1053 2171 designatur
1067 2096 1110 2153 di·
1160 2109 1220 2151 eam
1235 2095 1269 2151 ab
1283 2096 1343 2166 ipso
1355 2107 1499 2164 nrrmqnem
1514 2093 1599 2148 risam
1614 2090 1699 2147 luisse
1711 2099 1784 2147 certo
1795 2090 1923 2146 certitudo·

309 2200 418 2274 pluma,
443 2199 502 2255 sire
521 2196 630 2253 licentia
655 2194 757 2266 scripto
779 2193 922 2265 sigilloque
948 2193 1108 2248 conlirnrata
1161 2197 1313 2256 monstres;
1330 2188 1431 2244 nemini
1457 2196 1547 2244 tamen
1563 2185 1644 2243 facile
1663 2185 1786 2257 probabis
1797 2199 1921 2255 persuasus

310 2292 410 2364 publici
436 2304 532 2347 cursus
556 2286 723 2358 accipiendi,
737 2294 764 2342 et
787 2284 832 2358 qni
854 2284 889 2341 ab
907 2283 963 2353 illo,
978 2281 1110 2356 quenrad·
1160 2281 1268 2340 Galerio
1292 2282 1521 2351 trimenstrem
1547 2290 1642 2338 narrat
1653 2280 1776 2345 cecilius,
1788 2279 1870 2336 urbem
1884 2295 1923 2334 su

310 2384 420 2443 modum
442 2391 537 2455 postea
557 2380 725 2454 probabitur,
746 2394 841 2436 revera
854 2387 983 2449 aceeptus
995 2384 1047 2433 est.
1063 2376 1108 2433 Si·
1160 2377 1242 2432 rauba
1253 2393 1308 2434 esse
1321 2380 1457 2451 majorem,
1473 2393 1551 2448 quum
1567 2392 1632 2447 quur
1646 2384 1749 2431 narnus
1763 2371 1923 2441 civitatatum

309 2475 367 2549 gilli
387 2476 459 2533 euim
482 2490 548 2532 vero
570 2473 681 2529 nomine
702 2486 761 2529 eam
775 2469 890 2528 indicari
905 2469 1020 2543 probant
1039 2470 1111 2540 ipsa·
1160 2471 1232 2526 enim
1246 2486 1385 2541 nmquam,
1410 2469 1462 2525 nisi
1486 2468 1677 2525 insanissimus
1691 2469 1837 2540 imperator,
1853 2465 1924 2522 adur-

310 2575 366 2623 met
376 2566 497 2623 auctoris
515 2564 601 2621 nostri
616 2564 717 2632 verba,
731 2563 829 2633 quibus
844 2562 908 2617 illud
923 2562 1039 2633 sigillum
1054 2558 1111 2615 dis·
1161 2564 1222 2620 bern
1237 2565 1357 2635 reliquum
1370 2561 1546 2619 obsidendam
1573 2576 1720 2633 aggressus
1741 2570 1791 2627 est,
1812 2558 1857 2615 nisi
1868 2573 1923 2614 ron·

311 2657 440 2730 tinguitur
464 2672 480 2713 a
499 2655 600 2713 Galerii
628 2654 780 2721 mandatis,
805 2653 832 2711 id
858 2660 917 2721 0⁸22
932 2652 1002 2709 ¹¹²¹1d
1028 2651 1110 2708 dubie
1162 2666 1267 2728 pertum
1280 2657 1391 2713 omnino
1406 2655 1541 2722 babuerit,
1556 2667 1660 2727 quanta
1672 2663 1745 2712 esset
1762 2650 1924 2712 illinslrtitrdo

309 2750 426 2817 litteris,
450 2749 548 2820 quibus
573 2744 760 2804 Constantium
783 2745 817 2803 de
841 2746 957 2803 remisso
970 2758 985 2799 a
998 2758 1029 2801 se
1055 2742 1110 2799 btio
1161 2761 1189 2806 οι
1202 2749 1456 2823 longitudo,qnibus
1469 2749 1602 2821 praesidiis
1615 2759 1644 2807 et
1653 2749 1847 2823 propugnaculis
1859 2746 1925 2803 muni

310 2843 369 2916 ejus
379 2841 569 2906 Constantino,
583 2839 697 2912 aliisque
705 2840 739 2895 de
749 2838 830 2895 rebus
840 2835 941 2894 laceret
951 2837 1107 2893 certiorem.
1162 2849 1199 2907 ta;
1213 2856 1245 2897 ac
1256 2856 1310 2913 qno
1321 2844 1458 2912 copiarum
1470 2856 1595 2909 numero,
1609 2851 1639 2898 et
1648 2842 1744 2915 quibus
1764 2841 1878 2898 machinis
1888 2855 1925 2911 po·

348 2936 432 2994 Porro
449 2944 539 2991 autem
560 2932 686 2990 Galerius
706 2931 887 2989 arbitrabatur
898 2929 1108 2988 Constantinum
1161 2932 1244 2987 tuerit
1258 2932 1432 3003 expugnari?
1445 2933 1473 2989 si
1488 2947 1520 2989 ea
1534 2943 1623 2989 tamen
1634 2934 1726 2990 omnia
1739 2932 1847 3001 Galerio,
1857 2944 1926 3003 quan

310 3029 371 3087 lraee
390 3027 516 3084 mandata
530 3040 579 3085 sua
593 3024 734 3098 postridie,
756 3026 793 3081 uti
804 3023 935 3096 jusserat,
947 3031 1109 3094 expectatn·
1161 3026 1321 3099 riscognitu
1339 3026 1474 3093 lucillima,
1491 3042 1602 3098 prorsus
1615 3027 1754 3099 incognita
1775 3027 1850 3083 tuisse
1858 3033 1926 3080 osuu·

309 3138 383 3181 rum.
396 3122 567 3193 Quapropter
591 3119 668 3175 lltrsit
682 3133 713 3174 se
734 3116 769 3174 ad
790 3118 909 3174 medium
930 3131 1015 3188 nsque
1035 3115 1108 3172 diem
1121 3127 1145 3193 (ς
1160 3117 1220 3184 das,
1236 3135 1324 3191 neque
1337 3119 1395 3188 tibi,
1416 3134 1504 3190 neque
1525 3116 1627 3176 Ceeilio
1641 3119 1849 3192 repugnabimus.
1859 3115 1925 3172 ada

310 3213 449 3281 dormire;
464 3228 518 3284 qno
532 3210 610 3267 illum
626 3210 722 3282 quavis
736 3207 880 3266 occasione
899 3217 1058 3265 retentaret.
1074 3207 1110 3264 dt
1161 3228 1243 3285 pnrrn
1255 3215 1387 3280 animum,
1402 3229 1505 3287 quaeso,
1525 3212 1668 3282 advertas,
1685 3230 1746 3287 quae
1760 3229 1818 3270 mor
1830 3209 1926 3269 annius

311 3307 515 3373 constantinus,
532 3314 644 3375 accepto
658 3302 746 3374 pridie
759 3302 859 3375 sigillo,
868 3303 959 3358 stetitu
975 3309 1036 3372 post
1050 3314 1108 3357 ooe·
1161 3322 1176 3364 a
1190 3308 1270 3364 uobis
1284 3321 1436 3381 anonymus
1456 3304 1615 3362 talotenus
1628 3307 1766 3364 memoriae
1777 3302 1878 3378 prodidit
1886 3298 1925 3357 Ca·

309 3416 373 3459 nam
398 3412 503 3454 summa
524 3395 674 3460 celeritate,
689 3402 718 3451 el
736 3393 844 3460 occisis,
856 3402 887 3449 at
898 3392 967 3449 inira
991 3392 1107 3462 dicetur,
1160 3407 1257 3465 qeppum
1280 3424 1339 3464 w„
1356 3406 1502 3479 qwmqqq,
1526 3404 1608 3479 τυροὶ,
1629 3404 1744 3462 pomam
1759 3403 1925 3469 venemur

309 3509 356 3566 per
369 3491 514 3546 murriones
527 3489 622 3545 uultus
635 3486 749 3559 publicis
764 3487 852 3558 equis,
866 3485 900 3543 ad
913 3495 1015 3558 patrem
1029 3501 1108 3542 suum
1161 3498 1337 3555 „philominus
1364 3507 1459 3555 pucros
1482 3504 1575 3553 now
1603 3496 1639 3551 ag
1664 3492 1857 3551 ,gramm
1883 3489 1924 3560 qur

309 3582 473 3641 convolarit.
487 3580 615 3640 Ubirero
636 3579 762 3637 Celerius
775 3579 801 3635 id
821 3578 943 3646 rescivit,
958 3587 1032 3634 tanto
1046 3577 1110 3636 inde
1160 3591 1253 3646 mera
1272 3606 1324 3646 no„
1347 3591 1410 3645 ears.
1436 3588 1519 3645 rute„
1537 3596 1690 3646 assereret.
1709 3587 1774 3644 vige
1789 3590 1924 3658 ergeuen

310 3679 406 3736 dolore
426 3676 541 3735 allectus
564 3685 622 3745 est;
646 3682 676 3732 ιιι
689 3674 734 3732 uis
756 3674 890 3747 lacrymas
912 3676 1038 3732 terruerit.
1054 3673 1109 3731 Sed
1161 3680 1289 3738 internos
1302 3681 1374 3737 nullu
1386 3682 1422 3736 sit
1435 3679 1580 3737 dissensio.

310 3773 454 3846 plurimum
468 3787 536 3830 sane
547 3781 627 3829 ancta
638 3777 680 3828 est
693 3771 752 3841 elus
767 3769 912 3838 moestitia,
923 3767 1031 3840 quando
1043 3782 1108 3840 eog-
1196 3774 1331 3831 caeterum
1345 3775 1465 3846 legiones
1474 3773 1599 3846 quadem
1622 3772 1761 3846 indignum
1781 3765 1877 3831 Galerii
1888 3763 1925 3819 lio

311 3864 469 3921 noritillnm
479 3878 496 3918 a
506 3863 665 3920 Constantio
677 3870 754 3933 patre
767 3875 818 3918 suo
830 3859 931 3917 raretum
950 3875 1010 3918 esse
1025 3860 1110 3931 impc-
1160 3881 1232 3922 mam
1246 3876 1274 3925 ct
1287 3866 1314 3922 in
1325 3882 1356 3923 ea
1369 3865 1544 3933 llarentium,
1557 3881 1687 3937 generum
1701 3879 1789 3929 sunm,
1801 3869 1924 3931 oppugnet·

309 3963 441 4015 retorem.
456 3954 555 4011 Parum
581 3954 673 4027 itaque
693 3952 778 4010 abluit
792 3953 857 4024 quin
873 3953 998 4023 protinus
1020 3951 1108 4020 illum,
1162 3951 1924 4026 ris,rcelusdetestarrtes,sbiliodelocerant.Rebquirero

310 4048 356 4121 qui
380 4047 527 4104 laureatam
547 4045 607 4118 eius
626 4046 769 4117 imaginem
783 4045 817 4101 de
829 4058 906 4101 more
915 4041 1054 4111 attulerat,
1070 4043 1110 4100 ui·
1160 4053 1260 4112 mittes,
1271 4053 1329 4126 jam
1344 4053 1485 4111 numnam,
1497 4052 1570 4109 trem
1581 4068 1646 4124 0130
1657 4051 1768 4115 smnus,
1783 4040 1924 4119 prurulritse

309 4159 374 4201 aunt
384 4142 507 4200 comburi
516 4141 637 4214 jusserit.
651 4140 807 4197 Amicorum
823 4147 912 4194 tamen
925 4135 1040 4194 consilio
1055 4136 1109 4193 ins
1160 4147 1194 4204 aq
1213 4147 1320 4204 illorum
1333 4147 1425 4220 pedes,
1439 4145 1636 4219 promissisque
1655 4143 1805 4217 ingenuinus
1817 4137 1878 4196 nexit
1890 4145 1925 4189 aa·

311 4237 420 4310 ligatus,
440 4234 559 4309 suscepit
580 4232 751 4291 Constantini
772 4232 926 4304 imaginem,
943 4231 1023 4302 eique
1037 4230 1110 4286 misit
1161 4255 1220 4295 rum
1234 4240 1348 4304 animus,
1362 4248 1391 4296 et
1411 4238 1472 4312 luga
1486 4238 1566 4295 saluti
1582 4253 1640 4294 suae
1651 4236 1794 4293 consuluit
1806 4230 1924 4300 bequcso

309 4346 469 4405 purpuram.
483 4328 709 4403 quemadmodum
724 4336 817 4398 postea
830 4326 1036 4399 explicabimus.
1161 4329 1204 4386 lus
1215 4330 1331 4387 Ceeilins
1340 4330 1410 4388 barre
1421 4330 1522 4388 Galerii
1534 4328 1736 4402 expeditionem
1747 4325 1835 4381 litteris
1841 4314 1924 4384 course

346 4422 401 4481 Sed
413 4437 506 4479 rursus
519 4438 581 4480 eum
594 4423 691 4479 terruit
704 4420 825 4488 nuntius,
838 4422 883 4493 qni
897 4419 989 4477 retulit
1000 4417 1111 4475 baten-
1161 4421 1245 4489 navit,
1260 4420 1308 4477 sed
1323 4421 1367 4477 alii
1378 4422 1487 4492 plnres,
1503 4418 1732 4493 quemadmodum
1744 4422 1879 4487 anonymus
1891 4403 1927 4458 la

310 4518 378 4575 tium
396 4516 496 4572 laetum
520 4515 604 4573 inisse
631 4516 822 4587 imperatorem
849 4512 965 4584 quadam
992 4511 1148 4581 lactionen
1162 4512 1451 4585 lusianus,cu1nsbaec
1466 4514 1523 4582 ipsa
1538 4513 1715 4569 snutrerba:
1732 4528 1742 4563 ι
1760 4506 1927 4566 Galerinscam

311 4609 538 4679 pretorianorum
551 4607 677 4673 militnm,
691 4621 804 4677 qnorum
820 4615 919 4670 castra,
932 4605 1012 4661 sicuti
1026 4619 1110 4674 supe·
1162 4605 1409 4679 ingentibuscopiis
1423 4603 1537 4660 Romam
1553 4605 1637 4669 uenit,
1652 4603 1769 4659 minatus
1786 4595 1886 4655 civitais
1895 4591 1926 4644 5¹·

310 4701 368 4756 rins
390 4699 641 4766 animadvertimus,
660 4713 729 4768 pene
753 4698 844 4752 omnia
871 4698 1026 4754 sustulerat.
1049 4695 1108 4753 Non
1161 4700 1283 4768 teritrtm,
1296 4707 1423 4755 cleastra
1437 4697 1598 4754 interamna
1613 4696 1771 4752 ad'liberim
1780 4683 1928 4766 posuitJb⁰e

311 4791 375 4849 inde
398 4799 489 4846 ιιιιιοιι
510 4791 621 4847 οιιιιιιιιιι
645 4788 874 4863 perterrefactus.
902 4790 1014 4845 llomam
1036 4791 1109 4847 misit
1161 4790 1264 4863 legatos
1287 4788 1321 4845 ad
1342 4788 1444 4847 Urbem
1463 4790 1537 4845 misit
1560 4788 1693 4844 Licinium
1718 4782 1928 4844 cuventona

311 4882 453 4951 Seuerum,
466 4893 497 4940 ut
509 4884 682 4950 eamnrbem,
692 4893 719 4941 et
730 4892 942 4942 commorantem
953 4883 989 4938 ibi
1000 4882 1109 4940 blaren-
1160 4881 1324 4953 colloquium
1351 4894 1457 4952 petens,
1475 4894 1505 4938 ut
1516 4896 1601 4952 gener
1615 4879 1687 4951 apud
1709 4889 1836 4940 socerum,
1849 4868 1871 4925 id
1887 4870 1927 4929 ὀί,

311 4974 669 5050 ritrmerpugnaret.tterum
679 4975 1018 5043 Sererouictoetmortuo,
1029 4975 1110 5033 Calc-
1162 4973 1312 5032 dissenties
1330 4975 1401 5045 apud
1416 4974 1553 5033 Galerium
1573 4974 1699 5047 precibus
1712 4972 1804 5044 magis,
1815 4977 1883 5037 quam
1894 4972 1928 5014 at·

310 5070 367 5128 rius
381 5071 409 5128 in
428 5071 531 5128 ltaliam
554 5072 655 5129 inradlt
667 5070 846 5145 Romamque,
870 5082 898 5128 et
916 5072 944 5128 ιιι
955 5087 985 5128 ea
999 5071 1110 5129 blaren-
1162 5067 1215 5124 mis
1228 5079 1320 5140 optata
1334 5077 1500 5126 mercaretur
1517 5067 1569 5138 Qui
1579 5077 1760 5138 contemptus,
1773 5057 1870 5133 agnouit
1880 5063 1928 5125 W

313 5164 378 5220 tium
394 5163 519 5221 obsidere
533 5166 643 5221 molitus
657 5176 709 5222 est.
726 5163 781 5223 Sed
794 5166 857 5236 quia
870 5165 956 5232 illam,
970 5163 1050 5221 sicuti
1070 5165 1109 5221 ait
1162 5160 1253 5217 missis
1262 5160 1383 5218 virorum
1404 5161 1532 5218 llareutii
1547 5171 1636 5233 partes
1649 5175 1713 5217 snas
1724 5153 1871 5216 deseruisse.
1883 5142 1927 5216 qni·

310 5253 437 5324 Ceeilins,
453 5257 572 5313 nondum
587 5256 703 5325 uiderat,
725 5256 858 5314 minorem
873 5272 953 5328 qnam
967 5272 1015 5328 par
1038 5264 1108 5323 erat,
1160 5254 1212 5311 bns
1238 5256 1419 5324 perturbatus,
1434 5263 1509 5313 retro
1528 5269 1625 5312 uersus
1637 5263 1691 5311 cst.
1706 5273 1717 5306 ι
1732 5241 1927 5310 Similiterlutt·

310 5364 403 5407 secum
418 5349 494 5405 duxit
505 5350 644 5421 copiarum
659 5364 813 5414 nnmerum,
824 5351 921 5421 quibus
935 5348 1029 5406 urbem
1040 5348 1109 5404 mul·
1161 5346 1213 5403 lius
1234 5348 1337 5417 Victor,
1352 5349 1400 5407 sed
1426 5348 1546 5417 breuius,
1559 5350 1643 5406 edixit
1664 5348 1798 5404 obsessam
1814 5336 1925 5412 quidm:

311 5450 350 5511 to,
364 5457 446 5515 quam
468 5442 589 5513 putabat,
613 5441 744 5513 majorem
771 5440 913 5497 obsidione
932 5441 1041 5512 cingere
1054 5455 1108 5497 non
1161 5441 1392 5501 Galeriullomam
1408 5462 1415 5498 z
1429 5444 1477 5500 sed
1491 5460 1552 5501 cnm
1563 5452 1697 5500 metueret
1708 5455 1767 5498 nea
1778 5430 1925 5493 sulstserr·

310 5534 1108 5608 potuit.Spemitaqueomnemabjecitineumirrumpendi.
1162 5545 1246 5605 retur,
1267 5551 1300 5593 es
1314 5535 1390 5593 ltalia
1400 5535 1527 5594 discessit
1540 5556 1547 5591 ε
1562 5536 1605 5593 rel
1616 5535 1687 5591 sicut
1704 5533 1771 5590 alius
1782 5527 1883 5596 scriptu
1893 5514 1924 5570 ¹⁰·

349 5628 403 5686 Sed
417 5629 534 5700 aliquem
545 5628 640 5685 audire
653 5628 733 5686 nobis
744 5627 880 5697 ridemur,
892 5627 939 5700 qai
949 5641 1000 5684 nos
1014 5627 1111 5685 erbas
1161 5629 1261 5702 quitur,
1274 5646 1382 5706 propere
1395 5629 1500 5705 reprqit.
1518 5621 1871 5701 Scriptisqnoqaezorinas
1881 5619 1923 5682 pro

313 5716 410 5780 Romae
423 5720 498 5777 urbis
512 5719 654 5779 obsidione
666 5719 701 5777 ad
721 5720 772 5778 alia
788 5728 975 5796 properantes,
989 5719 1111 5781 retardo
1161 5721 1310 5794 diditeum,
1319 5738 1381 5784 euru
1395 5723 1528 5788 sensisset
1539 5737 1631 5798 parum
1645 5721 1787 5791 ildoscrga
1797 5706 1921 5774 sunibttl
