<?xml version="1.0" encoding="UTF-8"?>
<!DOCTYPE html PUBLIC "-//W3C//DTD XHTML 1.0 Transitional//EN"
    "http://www.w3.org/TR/xhtml1/DTD/xhtml1-transitional.dtd">
<html xmlns="http://www.w3.org/1999/xhtml" xml:lang="en" lang="en">
 <head>
  <title>
</title>
<meta http-equiv="Content-Type" content="text/html;charset=utf-8" />
  <meta name='ocr-system' content='tesseract 3.04.00' />
  <meta name='ocr-capabilities' content='ocr_page ocr_carea ocr_par ocr_line ocrx_word'/>
</head>
<body>
  <div class='ocr_page' id='page_1' title='image "./patrologiaecurs159unkngoog_0152.png"; bbox 0 0 4142 6184; ppageno 0'>
   <div class='ocr_carea' id='block_1_1' title="bbox 273 217 328 278">
    <p class='ocr_par' dir='ltr' id='par_1_1' title="bbox 273 217 328 278">
     <span class='ocr_line' id='line_1_1' title="bbox 273 217 328 278; baseline 0.018 -1"><span class='ocrx_word' id='word_1_1' title='bbox 273 217 328 278; x_wconf 74' lang='grc'><strong>198</strong></span> 
     </span>
    </p>
   </div>
   <div class='ocr_carea' id='block_1_2' title="bbox 273 299 928 498">
    <p class='ocr_par' dir='ltr' id='par_1_2' title="bbox 273 299 928 498">
     <span class='ocr_line' id='line_1_2' title="bbox 273 299 928 407; baseline -0.017 -14"><span class='ocrx_word' id='word_1_2' title='bbox 273 335 326 407; x_wconf 77' lang='lat' dir='ltr'>Qut</span> <span class='ocrx_word' id='word_1_3' title='bbox 340 335 407 393; x_wconf 89' lang='lat' dir='ltr'>nibil</span> <span class='ocrx_word' id='word_1_4' title='bbox 422 299 550 401; x_wconf 76' lang='lat' dir='ltr'>ostendit,</span> <span class='ocrx_word' id='word_1_5' title='bbox 565 328 651 389; x_wconf 86' lang='lat' dir='ltr'>nisisi</span> <span class='ocrx_word' id='word_1_6' title='bbox 666 329 730 403; x_wconf 91' lang='lat' dir='ltr'>quid</span> <span class='ocrx_word' id='word_1_7' title='bbox 745 325 843 387; x_wconf 77' lang='lat' dir='ltr'>uidem</span> <span class='ocrx_word' id='word_1_8' title='bbox 855 333 928 383; x_wconf 88' lang='lat' dir='ltr'>ante.</span> 
     </span>
     <span class='ocr_line' id='line_1_3' title="bbox 568 423 785 498; baseline -0.023 -16"><span class='ocrx_word' id='word_1_9' title='bbox 568 424 613 482; x_wconf 90' lang='grc'>69.</span> <span class='ocrx_word' id='word_1_10' title='bbox 635 423 785 498; x_wconf 73' lang='lat' dir='ltr'><strong><em>clepsydra.</em></strong></span> 
     </span>
    </p>
   </div>
   <div class='ocr_carea' id='block_1_3' title="bbox 276 508 1122 589">
    <p class='ocr_par' dir='ltr' id='par_1_3' title="bbox 276 508 1122 589">
     <span class='ocr_line' id='line_1_4' title="bbox 276 508 1122 589; baseline -0.021 -8"><span class='ocrx_word' id='word_1_11' title='bbox 276 522 334 581; x_wconf 82' lang='lat' dir='ltr'>Lex</span> <span class='ocrx_word' id='word_1_12' title='bbox 345 524 416 580; x_wconf 91' lang='lat' dir='ltr'>bona</span> <span class='ocrx_word' id='word_1_13' title='bbox 428 519 547 589; x_wconf 87' lang='lat' dir='ltr'>dicendi,</span> <span class='ocrx_word' id='word_1_14' title='bbox 559 518 603 575; x_wconf 80' lang='lat' dir='ltr'>lex</span> <span class='ocrx_word' id='word_1_15' title='bbox 616 532 675 575; x_wconf 91' lang='lat' dir='ltr'>sum</span> <span class='ocrx_word' id='word_1_16' title='bbox 689 529 797 589; x_wconf 90' lang='lat' dir='ltr'>quoque</span> <span class='ocrx_word' id='word_1_17' title='bbox 810 513 876 571; x_wconf 86' lang='lat' dir='ltr'>dura</span> <span class='ocrx_word' id='word_1_18' title='bbox 891 508 1010 569; x_wconf 81' lang='lat' dir='ltr'>tacetmi.</span> <span class='ocrx_word' id='word_1_19' title='bbox 1116 511 1122 530; x_wconf 76' lang='grc'><em>“</em></span> 
     </span>
    </p>
   </div>
   <div class='ocr_carea' id='block_1_4' title="bbox 274 605 1026 1713">
    <p class='ocr_par' dir='ltr' id='par_1_4' title="bbox 274 605 1026 1713">
     <span class='ocr_line' id='line_1_5' title="bbox 276 605 918 684; baseline -0.019 -12"><span class='ocrx_word' id='word_1_20' title='bbox 276 617 325 674; x_wconf 75' lang='lat' dir='ltr'>ins</span> <span class='ocrx_word' id='word_1_21' title='bbox 337 611 423 671; x_wconf 77' lang='lat' dir='ltr'>avidae</span> <span class='ocrx_word' id='word_1_22' title='bbox 436 613 548 684; x_wconf 78' lang='lat' dir='ltr'>linque,</span> <span class='ocrx_word' id='word_1_23' title='bbox 564 611 626 668; x_wconf 91' lang='lat' dir='ltr'>linis</span> <span class='ocrx_word' id='word_1_24' title='bbox 637 610 697 666; x_wconf 89' lang='lat' dir='ltr'>sine</span> <span class='ocrx_word' id='word_1_25' title='bbox 712 607 765 664; x_wconf 85' lang='lat' dir='ltr'>dne</span> <span class='ocrx_word' id='word_1_26' title='bbox 781 605 918 678; x_wconf 84' lang='lat' dir='ltr'>loquendi,</span> 
     </span>
     <span class='ocr_line' id='line_1_6' title="bbox 275 697 1001 782; baseline -0.023 -15"><span class='ocrx_word' id='word_1_27' title='bbox 275 709 335 782; x_wconf 83' lang='lat' dir='ltr'>ipsa</span> <span class='ocrx_word' id='word_1_28' title='bbox 345 708 443 777; x_wconf 85' lang='lat' dir='ltr'>ducos,</span> <span class='ocrx_word' id='word_1_29' title='bbox 459 705 524 764; x_wconf 89' lang='lat' dir='ltr'>dum</span> <span class='ocrx_word' id='word_1_30' title='bbox 537 704 619 762; x_wconf 84' lang='lat' dir='ltr'>rerba</span> <span class='ocrx_word' id='word_1_31' title='bbox 631 705 710 764; x_wconf 83' lang='lat' dir='ltr'>bunt.</span> <span class='ocrx_word' id='word_1_32' title='bbox 724 710 753 756; x_wconf 96' lang='grc' dir='ltr'>ιιι</span> <span class='ocrx_word' id='word_1_33' title='bbox 766 701 854 772; x_wconf 75' lang='lat' dir='ltr'>linqua</span> <span class='ocrx_word' id='word_1_34' title='bbox 870 697 1001 769; x_wconf 77' lang='lat' dir='ltr'><strong>quiescat.</strong></span> 
     </span>
     <span class='ocr_line' id='line_1_7' title="bbox 587 793 766 852; baseline -0.028 0"><span class='ocrx_word' id='word_1_35' title='bbox 587 795 633 852; x_wconf 87' lang='grc'>79.</span> <span class='ocrx_word' id='word_1_36' title='bbox 655 793 766 850; x_wconf 82' lang='lat' dir='ltr'>Ptttetts.</span> 
     </span>
     <span class='ocr_line' id='line_1_8' title="bbox 274 879 1011 966; baseline -0.022 -14"><span class='ocrx_word' id='word_1_37' title='bbox 274 894 361 952; x_wconf 84' lang='lat' dir='ltr'>llersa</span> <span class='ocrx_word' id='word_1_38' title='bbox 374 891 467 966; x_wconf 89' lang='lat' dir='ltr'>procul</span> <span class='ocrx_word' id='word_1_39' title='bbox 480 894 561 950; x_wconf 87' lang='lat' dir='ltr'>terris</span> <span class='ocrx_word' id='word_1_40' title='bbox 576 890 603 946; x_wconf 91' lang='lat' dir='ltr'>io</span> <span class='ocrx_word' id='word_1_41' title='bbox 614 889 720 962; x_wconf 84' lang='lat' dir='ltr'>cespite</span> <span class='ocrx_word' id='word_1_42' title='bbox 734 885 844 958; x_wconf 81' lang='lat' dir='ltr'>lympha</span> <span class='ocrx_word' id='word_1_43' title='bbox 860 879 1011 954; x_wconf 81' lang='lat' dir='ltr'>profundo,</span> 
     </span>
     <span class='ocr_line' id='line_1_9' title="bbox 274 976 922 1059; baseline -0.025 -14"><span class='ocrx_word' id='word_1_44' title='bbox 274 987 389 1045; x_wconf 83' lang='lat' dir='ltr'>Nonnisi</span> <span class='ocrx_word' id='word_1_45' title='bbox 402 985 533 1059; x_wconf 75' lang='lat' dir='ltr'>perfossis</span> <span class='ocrx_word' id='word_1_46' title='bbox 546 997 656 1055; x_wconf 88' lang='lat' dir='ltr'>possum</span> <span class='ocrx_word' id='word_1_47' title='bbox 670 977 819 1052; x_wconf 81' lang='lat' dir='ltr'><strong>procedere</strong></span> <span class='ocrx_word' id='word_1_48' title='bbox 834 976 922 1041; x_wconf 82' lang='lat' dir='ltr'>venis,</span> 
     </span>
     <span class='ocr_line' id='line_1_10' title="bbox 277 1071 909 1149; baseline -0.022 -11"><span class='ocrx_word' id='word_1_49' title='bbox 277 1080 314 1138; x_wconf 80' lang='lat' dir='ltr'>Et</span> <span class='ocrx_word' id='word_1_50' title='bbox 328 1083 422 1137; x_wconf 86' lang='lat' dir='ltr'>traitor</span> <span class='ocrx_word' id='word_1_51' title='bbox 435 1078 470 1135; x_wconf 93' lang='lat' dir='ltr'>ad</span> <span class='ocrx_word' id='word_1_52' title='bbox 481 1091 596 1149; x_wconf 88' lang='lat' dir='ltr'>superos</span> <span class='ocrx_word' id='word_1_53' title='bbox 609 1074 698 1131; x_wconf 85' lang='lat' dir='ltr'>alienu</span> <span class='ocrx_word' id='word_1_54' title='bbox 712 1073 793 1128; x_wconf 89' lang='lat' dir='ltr'>ducta</span> <span class='ocrx_word' id='word_1_55' title='bbox 807 1071 909 1127; x_wconf 86' lang='lat' dir='ltr'>labore.</span> 
     </span>
     <span class='ocr_line' id='line_1_11' title="bbox 593 1166 756 1225; baseline -0.031 0"><span class='ocrx_word' id='word_1_56' title='bbox 593 1169 637 1225; x_wconf 96' lang='grc'>71.</span> <span class='ocrx_word' id='word_1_57' title='bbox 658 1166 756 1223; x_wconf 76' lang='lat' dir='ltr'>Tuber.</span> 
     </span>
     <span class='ocr_line' id='line_1_12' title="bbox 276 1251 1026 1333; baseline -0.024 -9"><span class='ocrx_word' id='word_1_58' title='bbox 276 1265 414 1325; x_wconf 78' lang='lat' dir='ltr'>Truttcum</span> <span class='ocrx_word' id='word_1_59' title='bbox 430 1274 501 1321; x_wconf 90' lang='lat' dir='ltr'>terra</span> <span class='ocrx_word' id='word_1_60' title='bbox 514 1262 590 1333; x_wconf 76' lang='lat' dir='ltr'>tegit,</span> <span class='ocrx_word' id='word_1_61' title='bbox 606 1259 712 1316; x_wconf 88' lang='lat' dir='ltr'>latitant</span> <span class='ocrx_word' id='word_1_62' title='bbox 727 1258 753 1313; x_wconf 91' lang='lat' dir='ltr'>in</span> <span class='ocrx_word' id='word_1_63' title='bbox 766 1255 870 1328; x_wconf 75' lang='lat' dir='ltr'>cespite</span> <span class='ocrx_word' id='word_1_64' title='bbox 884 1251 1003 1327; x_wconf 78' lang='lat' dir='ltr'>lymphae</span> <span class='ocrx_word' id='word_1_65' title='bbox 1017 1267 1026 1306; x_wconf 89' lang='lat'>:</span> 
     </span>
     <span class='ocr_line' id='line_1_13' title="bbox 277 1346 986 1423; baseline -0.024 -6"><span class='ocrx_word' id='word_1_66' title='bbox 277 1361 378 1417; x_wconf 75' lang='lat' dir='ltr'>Aloeus</span> <span class='ocrx_word' id='word_1_67' title='bbox 392 1367 435 1415; x_wconf 84' lang='lat' dir='ltr'>est</span> <span class='ocrx_word' id='word_1_68' title='bbox 448 1356 579 1420; x_wconf 87' lang='lat' dir='ltr'>modicus,</span> <span class='ocrx_word' id='word_1_69' title='bbox 595 1353 641 1423; x_wconf 91' lang='lat' dir='ltr'>qui</span> <span class='ocrx_word' id='word_1_70' title='bbox 656 1353 730 1423; x_wconf 90' lang='lat' dir='ltr'>ripas</span> <span class='ocrx_word' id='word_1_71' title='bbox 743 1365 797 1406; x_wconf 91' lang='lat' dir='ltr'>non</span> <span class='ocrx_word' id='word_1_72' title='bbox 811 1349 893 1404; x_wconf 88' lang='lat' dir='ltr'>babet</span> <span class='ocrx_word' id='word_1_73' title='bbox 906 1346 986 1402; x_wconf 90' lang='lat' dir='ltr'>ullas.</span> 
     </span>
     <span class='ocr_line' id='line_1_14' title="bbox 278 1437 934 1526; baseline -0.026 -17"><span class='ocrx_word' id='word_1_74' title='bbox 278 1451 308 1509; x_wconf 90' lang='lat' dir='ltr'>ln</span> <span class='ocrx_word' id='word_1_75' title='bbox 321 1453 394 1526; x_wconf 76' lang='lat' dir='ltr'>liqno</span> <span class='ocrx_word' id='word_1_76' title='bbox 406 1449 514 1507; x_wconf 82' lang='lat' dir='ltr'>vehitur</span> <span class='ocrx_word' id='word_1_77' title='bbox 526 1445 627 1512; x_wconf 89' lang='lat' dir='ltr'>medio,</span> <span class='ocrx_word' id='word_1_78' title='bbox 638 1443 710 1516; x_wconf 91' lang='lat' dir='ltr'>quod</span> <span class='ocrx_word' id='word_1_79' title='bbox 723 1443 794 1514; x_wconf 76' lang='lat' dir='ltr'>ligna</span> <span class='ocrx_word' id='word_1_80' title='bbox 808 1437 934 1496; x_wconf 75' lang='lat' dir='ltr'>vehebat.</span> 
     </span>
     <span class='ocr_line' id='line_1_15' title="bbox 603 1536 755 1594; baseline -0.026 0"><span class='ocrx_word' id='word_1_81' title='bbox 603 1538 649 1594; x_wconf 75' lang='grc'>78.</span> <span class='ocrx_word' id='word_1_82' title='bbox 661 1536 755 1593; x_wconf 79' lang='lat' dir='ltr'>Follis.</span> 
     </span>
     <span class='ocr_line' id='line_1_16' title="bbox 279 1624 969 1713; baseline -0.029 -14"><span class='ocrx_word' id='word_1_83' title='bbox 279 1641 341 1698; x_wconf 83' lang='lat' dir='ltr'>lion</span> <span class='ocrx_word' id='word_1_84' title='bbox 353 1654 405 1713; x_wconf 73' lang='lat' dir='ltr'>eqo</span> <span class='ocrx_word' id='word_1_85' title='bbox 416 1637 547 1696; x_wconf 89' lang='lat' dir='ltr'>continuo</span> <span class='ocrx_word' id='word_1_86' title='bbox 559 1635 674 1700; x_wconf 86' lang='lat' dir='ltr'>morior,</span> <span class='ocrx_word' id='word_1_87' title='bbox 689 1630 753 1687; x_wconf 92' lang='lat' dir='ltr'>dum</span> <span class='ocrx_word' id='word_1_88' title='bbox 770 1627 881 1700; x_wconf 88' lang='lat' dir='ltr'>spiritus</span> <span class='ocrx_word' id='word_1_89' title='bbox 895 1624 969 1692; x_wconf 82' lang='lat' dir='ltr'>exit;</span> 
     </span>
    </p>
   </div>
   <div class='ocr_carea' id='block_1_5' title="bbox 276 1718 1076 1892">
    <p class='ocr_par' dir='ltr' id='par_1_5' title="bbox 276 1718 1076 1892">
     <span class='ocr_line' id='line_1_17' title="bbox 276 1718 945 1799; baseline -0.028 -8"><span class='ocrx_word' id='word_1_90' title='bbox 276 1733 344 1791; x_wconf 86' lang='lat' dir='ltr'>Nam</span> <span class='ocrx_word' id='word_1_91' title='bbox 356 1733 426 1789; x_wconf 91' lang='lat' dir='ltr'>redit</span> <span class='ocrx_word' id='word_1_92' title='bbox 437 1731 557 1796; x_wconf 79' lang='lat' dir='ltr'>assidue,</span> <span class='ocrx_word' id='word_1_93' title='bbox 573 1725 695 1799; x_wconf 87' lang='lat' dir='ltr'>quamuis</span> <span class='ocrx_word' id='word_1_94' title='bbox 705 1735 733 1779; x_wconf 92' lang='lat' dir='ltr'>et</span> <span class='ocrx_word' id='word_1_95' title='bbox 743 1737 816 1793; x_wconf 73' lang='lat' dir='ltr'>saepe</span> <span class='ocrx_word' id='word_1_96' title='bbox 825 1718 945 1775; x_wconf 75' lang='lat' dir='ltr'>recedat.</span> 
     </span>
     <span class='ocr_line' id='line_1_18' title="bbox 279 1806 1076 1892; baseline -0.026 -10"><span class='ocrx_word' id='word_1_97' title='bbox 279 1824 316 1882; x_wconf 81' lang='lat' dir='ltr'>iit</span> <span class='ocrx_word' id='word_1_98' title='bbox 328 1822 394 1881; x_wconf 89' lang='lat' dir='ltr'>mibi</span> <span class='ocrx_word' id='word_1_99' title='bbox 407 1826 480 1879; x_wconf 90' lang='lat' dir='ltr'>bunc</span> <span class='ocrx_word' id='word_1_100' title='bbox 493 1834 589 1892; x_wconf 75' lang='lat' dir='ltr'>magna</span> <span class='ocrx_word' id='word_1_101' title='bbox 601 1826 643 1873; x_wconf 87' lang='lat' dir='ltr'>est</span> <span class='ocrx_word' id='word_1_102' title='bbox 655 1815 762 1881; x_wconf 76' lang='lat' dir='ltr'>anime,</span> <span class='ocrx_word' id='word_1_103' title='bbox 776 1826 849 1869; x_wconf 91' lang='lat' dir='ltr'>nuuc</span> <span class='ocrx_word' id='word_1_104' title='bbox 862 1810 935 1867; x_wconf 86' lang='lat' dir='ltr'>nulla</span> <span class='ocrx_word' id='word_1_105' title='bbox 948 1806 1076 1866; x_wconf 85' lang='lat' dir='ltr'>lacultas.</span> 
     </span>
    </p>
   </div>
   <div class='ocr_carea' id='block_1_6' title="bbox 243 1907 1065 3751">
    <p class='ocr_par' dir='ltr' id='par_1_6' title="bbox 243 1907 1065 3751">
     <span class='ocr_line' id='line_1_19' title="bbox 603 1907 758 1979; baseline -0.032 -13"><span class='ocrx_word' id='word_1_106' title='bbox 603 1911 648 1968; x_wconf 82' lang='grc'>78.</span> <span class='ocrx_word' id='word_1_107' title='bbox 669 1907 758 1979; x_wconf 76' lang='lat' dir='ltr'>lupis.</span> 
     </span>
     <span class='ocr_line' id='line_1_20' title="bbox 285 1995 887 2078; baseline -0.027 -13"><span class='ocrx_word' id='word_1_108' title='bbox 285 2007 456 2065; x_wconf 82' lang='lat' dir='ltr'>Deucalionis</span> <span class='ocrx_word' id='word_1_109' title='bbox 469 2020 520 2078; x_wconf 80' lang='lat' dir='ltr'>eqo</span> <span class='ocrx_word' id='word_1_110' title='bbox 532 2001 636 2061; x_wconf 89' lang='lat' dir='ltr'>crudeli</span> <span class='ocrx_word' id='word_1_111' title='bbox 651 2012 745 2070; x_wconf 89' lang='lat' dir='ltr'>sospes</span> <span class='ocrx_word' id='word_1_112' title='bbox 758 1995 887 2065; x_wconf 88' lang='lat' dir='ltr'>abunda,</span> 
     </span>
     <span class='ocr_line' id='line_1_21' title="bbox 280 2089 816 2167; baseline -0.024 -9"><span class='ocrx_word' id='word_1_113' title='bbox 280 2100 379 2159; x_wconf 78' lang='lat' dir='ltr'>Affinis</span> <span class='ocrx_word' id='word_1_114' title='bbox 394 2111 485 2167; x_wconf 84' lang='lat' dir='ltr'>terrae,</span> <span class='ocrx_word' id='word_1_115' title='bbox 498 2095 546 2154; x_wconf 90' lang='lat' dir='ltr'>sed</span> <span class='ocrx_word' id='word_1_116' title='bbox 561 2097 640 2165; x_wconf 76' lang='lat' dir='ltr'>longe</span> <span class='ocrx_word' id='word_1_117' title='bbox 654 2092 747 2148; x_wconf 89' lang='lat' dir='ltr'>durior</span> <span class='ocrx_word' id='word_1_118' title='bbox 761 2089 816 2147; x_wconf 92' lang='lat' dir='ltr'>illa.</span> 
     </span>
     <span class='ocr_line' id='line_1_22' title="bbox 283 2178 1033 2257; baseline -0.027 -4"><span class='ocrx_word' id='word_1_119' title='bbox 283 2196 384 2252; x_wconf 81' lang='lat' dir='ltr'>Littera</span> <span class='ocrx_word' id='word_1_120' title='bbox 397 2191 513 2251; x_wconf 89' lang='lat' dir='ltr'>decedat</span> <span class='ocrx_word' id='word_1_121' title='bbox 529 2207 537 2245; x_wconf 79' lang='lat' dir='ltr'>s</span> <span class='ocrx_word' id='word_1_122' title='bbox 552 2186 669 2245; x_wconf 82' lang='lat' dir='ltr'>volucris</span> <span class='ocrx_word' id='word_1_123' title='bbox 682 2197 791 2257; x_wconf 91' lang='lat' dir='ltr'>quoque</span> <span class='ocrx_word' id='word_1_124' title='bbox 802 2196 902 2238; x_wconf 89' lang='lat' dir='ltr'>nomen</span> <span class='ocrx_word' id='word_1_125' title='bbox 918 2178 1033 2235; x_wconf 87' lang='lat' dir='ltr'>itabebo.</span> 
     </span>
     <span class='ocr_line' id='line_1_23' title="bbox 611 2278 757 2338; baseline -0.034 0"><span class='ocrx_word' id='word_1_126' title='bbox 611 2282 656 2338; x_wconf 84' lang='grc'>71.</span> <span class='ocrx_word' id='word_1_127' title='bbox 681 2278 757 2335; x_wconf 80' lang='lat' dir='ltr'>can.</span> 
     </span>
     <span class='ocr_line' id='line_1_24' title="bbox 286 2366 875 2447; baseline -0.037 -5"><span class='ocrx_word' id='word_1_128' title='bbox 286 2383 367 2441; x_wconf 80' lang='lat' dir='ltr'>Evasi</span> <span class='ocrx_word' id='word_1_129' title='bbox 382 2381 515 2444; x_wconf 84' lang='lat' dir='ltr'>flammas,</span> <span class='ocrx_word' id='word_1_130' title='bbox 529 2374 598 2447; x_wconf 81' lang='lat' dir='ltr'>iqnis</span> <span class='ocrx_word' id='word_1_131' title='bbox 612 2379 745 2428; x_wconf 89' lang='lat' dir='ltr'>tormenta</span> <span class='ocrx_word' id='word_1_132' title='bbox 761 2366 875 2440; x_wconf 79' lang='lat' dir='ltr'>prologi.</span> 
     </span>
     <span class='ocr_line' id='line_1_25' title="bbox 290 2460 880 2548; baseline -0.034 -16"><span class='ocrx_word' id='word_1_133' title='bbox 290 2475 350 2548; x_wconf 85' lang='lat' dir='ltr'>ipsa</span> <span class='ocrx_word' id='word_1_134' title='bbox 364 2472 468 2530; x_wconf 88' lang='lat' dir='ltr'>medela</span> <span class='ocrx_word' id='word_1_135' title='bbox 481 2483 543 2525; x_wconf 90' lang='lat' dir='ltr'>meo</span> <span class='ocrx_word' id='word_1_136' title='bbox 555 2475 655 2538; x_wconf 77' lang='lat' dir='ltr'>pugnat</span> <span class='ocrx_word' id='word_1_137' title='bbox 668 2461 803 2518; x_wconf 84' lang='lat' dir='ltr'>eouttraria</span> <span class='ocrx_word' id='word_1_138' title='bbox 816 2460 880 2513; x_wconf 89' lang='lat' dir='ltr'>lato.</span> 
     </span>
     <span class='ocr_line' id='line_1_26' title="bbox 287 2548 978 2638; baseline -0.035 -11"><span class='ocrx_word' id='word_1_139' title='bbox 287 2569 379 2627; x_wconf 74' lang='lat' dir='ltr'>Ardeo</span> <span class='ocrx_word' id='word_1_140' title='bbox 393 2566 428 2622; x_wconf 93' lang='lat' dir='ltr'>de</span> <span class='ocrx_word' id='word_1_141' title='bbox 438 2560 575 2638; x_wconf 78' lang='lat' dir='ltr'>lymphis3</span> <span class='ocrx_word' id='word_1_142' title='bbox 589 2557 685 2615; x_wconf 85' lang='lat' dir='ltr'>mediis</span> <span class='ocrx_word' id='word_1_143' title='bbox 700 2552 833 2611; x_wconf 87' lang='lat' dir='ltr'>incendor</span> <span class='ocrx_word' id='word_1_144' title='bbox 841 2550 876 2607; x_wconf 89' lang='lat' dir='ltr'>ab</span> <span class='ocrx_word' id='word_1_145' title='bbox 889 2548 978 2606; x_wconf 89' lang='lat' dir='ltr'>undis.</span> 
     </span>
     <span class='ocr_line' id='line_1_27' title="bbox 610 2647 752 2706; baseline -0.035 0"><span class='ocrx_word' id='word_1_146' title='bbox 610 2650 654 2706; x_wconf 84' lang='grc'>76.</span> <span class='ocrx_word' id='word_1_147' title='bbox 669 2647 752 2705; x_wconf 66' lang='lat' dir='ltr'>Silue.</span> 
     </span>
     <span class='ocr_line' id='line_1_28' title="bbox 283 2737 948 2829; baseline -0.039 -13"><span class='ocrx_word' id='word_1_148' title='bbox 283 2757 398 2829; x_wconf 81' lang='lat' dir='ltr'>Semper</span> <span class='ocrx_word' id='word_1_149' title='bbox 408 2755 478 2810; x_wconf 89' lang='lat' dir='ltr'>inest</span> <span class='ocrx_word' id='word_1_150' title='bbox 492 2752 518 2807; x_wconf 90' lang='lat' dir='ltr'>in</span> <span class='ocrx_word' id='word_1_151' title='bbox 531 2763 585 2817; x_wconf 89' lang='lat' dir='ltr'>me,</span> <span class='ocrx_word' id='word_1_152' title='bbox 601 2744 649 2802; x_wconf 88' lang='lat' dir='ltr'>sed</span> <span class='ocrx_word' id='word_1_153' title='bbox 661 2758 723 2800; x_wconf 84' lang='lat' dir='ltr'>raro</span> <span class='ocrx_word' id='word_1_154' title='bbox 737 2741 857 2798; x_wconf 88' lang='lat' dir='ltr'>cernitur</span> <span class='ocrx_word' id='word_1_155' title='bbox 868 2737 948 2810; x_wconf 76' lang='lat' dir='ltr'>ignis.</span> 
     </span>
     <span class='ocr_line' id='line_1_29' title="bbox 285 2834 959 2909; baseline -0.033 -2"><span class='ocrx_word' id='word_1_156' title='bbox 285 2852 358 2909; x_wconf 89' lang='lat' dir='ltr'>lotus</span> <span class='ocrx_word' id='word_1_157' title='bbox 373 2848 446 2905; x_wconf 91' lang='lat' dir='ltr'>enim</span> <span class='ocrx_word' id='word_1_158' title='bbox 460 2846 557 2908; x_wconf 85' lang='lat' dir='ltr'>latitat,</span> <span class='ocrx_word' id='word_1_159' title='bbox 571 2841 619 2897; x_wconf 90' lang='lat' dir='ltr'>sed</span> <span class='ocrx_word' id='word_1_160' title='bbox 631 2837 705 2894; x_wconf 83' lang='lat' dir='ltr'>solos</span> <span class='ocrx_word' id='word_1_161' title='bbox 719 2836 810 2905; x_wconf 89' lang='lat' dir='ltr'>prodit</span> <span class='ocrx_word' id='word_1_162' title='bbox 823 2837 856 2888; x_wconf 88' lang='lat' dir='ltr'>ad</span> <span class='ocrx_word' id='word_1_163' title='bbox 871 2834 959 2897; x_wconf 84' lang='lat' dir='ltr'>ictus;</span> 
     </span>
     <span class='ocr_line' id='line_1_30' title="bbox 284 2925 1019 3015; baseline -0.031 -12"><span class='ocrx_word' id='word_1_164' title='bbox 284 2945 339 3002; x_wconf 84' lang='lat' dir='ltr'>lice</span> <span class='ocrx_word' id='word_1_165' title='bbox 352 2943 444 3015; x_wconf 78' lang='lat' dir='ltr'>lignis,</span> <span class='ocrx_word' id='word_1_166' title='bbox 458 2948 489 2995; x_wconf 92' lang='grc' dir='ltr'>ιιι</span> <span class='ocrx_word' id='word_1_167' title='bbox 500 2939 583 3004; x_wconf 82' lang='lat' dir='ltr'>vivat,</span> <span class='ocrx_word' id='word_1_168' title='bbox 595 2944 667 3005; x_wconf 75' lang='lat' dir='ltr'>eget,</span> <span class='ocrx_word' id='word_1_169' title='bbox 679 2946 739 2999; x_wconf 89' lang='lat' dir='ltr'>nec,</span> <span class='ocrx_word' id='word_1_170' title='bbox 755 2942 783 2987; x_wconf 92' lang='lat' dir='ltr'>ut</span> <span class='ocrx_word' id='word_1_171' title='bbox 797 2928 912 2995; x_wconf 89' lang='lat' dir='ltr'>occidat,</span> <span class='ocrx_word' id='word_1_172' title='bbox 930 2925 1019 2982; x_wconf 87' lang='lat' dir='ltr'>undis.</span> 
     </span>
     <span class='ocr_line' id='line_1_31' title="bbox 611 3026 763 3084; baseline -0.033 0"><span class='ocrx_word' id='word_1_173' title='bbox 611 3028 656 3084; x_wconf 90' lang='grc'>76.</span> <span class='ocrx_word' id='word_1_174' title='bbox 679 3026 763 3082; x_wconf 77' lang='lat' dir='ltr'>nore.</span> 
     </span>
     <span class='ocr_line' id='line_1_32' title="bbox 262 3122 929 3202; baseline -0.033 -12"><span class='ocrx_word' id='word_1_175' title='bbox 262 3184 266 3190; x_wconf 80' lang='lat'>.</span> <span class='ocrx_word' id='word_1_176' title='bbox 285 3131 417 3202; x_wconf 83' lang='lat' dir='ltr'>Quattuor</span> <span class='ocrx_word' id='word_1_177' title='bbox 430 3122 548 3195; x_wconf 75' lang='lat' dir='ltr'>aequales</span> <span class='ocrx_word' id='word_1_178' title='bbox 562 3128 675 3177; x_wconf 88' lang='lat' dir='ltr'>currunt</span> <span class='ocrx_word' id='word_1_179' title='bbox 688 3134 722 3174; x_wconf 82' lang='lat' dir='ltr'>ex</span> <span class='ocrx_word' id='word_1_180' title='bbox 737 3126 795 3172; x_wconf 85' lang='lat' dir='ltr'>arte</span> <span class='ocrx_word' id='word_1_181' title='bbox 810 3129 929 3179; x_wconf 88' lang='lat' dir='ltr'>sorores,</span> 
     </span>
     <span class='ocr_line' id='line_1_33' title="bbox 269 3208 1019 3294; baseline -0.031 -12"><span class='ocrx_word' id='word_1_182' title='bbox 269 3209 329 3282; x_wconf 36' lang='lat' dir='ltr'>&#39;Sic</span> <span class='ocrx_word' id='word_1_183' title='bbox 339 3222 415 3294; x_wconf 85' lang='lat' dir='ltr'>quusi</span> <span class='ocrx_word' id='word_1_184' title='bbox 427 3225 573 3282; x_wconf 84' lang='lat' dir='ltr'>certantes,</span> <span class='ocrx_word' id='word_1_185' title='bbox 589 3228 649 3269; x_wconf 89' lang='lat' dir='ltr'>cum</span> <span class='ocrx_word' id='word_1_186' title='bbox 661 3213 696 3267; x_wconf 90' lang='lat' dir='ltr'>sit</span> <span class='ocrx_word' id='word_1_187' title='bbox 709 3209 786 3266; x_wconf 90' lang='lat' dir='ltr'>labor</span> <span class='ocrx_word' id='word_1_188' title='bbox 797 3208 923 3265; x_wconf 86' lang='lat' dir='ltr'>omnibus</span> <span class='ocrx_word' id='word_1_189' title='bbox 937 3219 1019 3270; x_wconf 90' lang='lat' dir='ltr'>unus,</span> 
     </span>
     <span class='ocr_line' id='line_1_34' title="bbox 284 3302 1040 3385; baseline -0.028 -13"><span class='ocrx_word' id='word_1_190' title='bbox 284 3314 321 3372; x_wconf 80' lang='grc' dir='ltr'>Ει</span> <span class='ocrx_word' id='word_1_191' title='bbox 331 3327 417 3385; x_wconf 91' lang='lat' dir='ltr'>prope</span> <span class='ocrx_word' id='word_1_192' title='bbox 429 3319 493 3365; x_wconf 88' lang='lat' dir='ltr'>sunt</span> <span class='ocrx_word' id='word_1_193' title='bbox 505 3307 617 3379; x_wconf 88' lang='lat' dir='ltr'>pariter,</span> <span class='ocrx_word' id='word_1_194' title='bbox 633 3319 684 3360; x_wconf 90' lang='lat' dir='ltr'>nec</span> <span class='ocrx_word' id='word_1_195' title='bbox 698 3318 730 3360; x_wconf 91' lang='lat' dir='ltr'>se</span> <span class='ocrx_word' id='word_1_196' title='bbox 744 3302 902 3373; x_wconf 82' lang='lat' dir='ltr'>eontinqeru</span> <span class='ocrx_word' id='word_1_197' title='bbox 919 3304 1040 3370; x_wconf 85' lang='lat' dir='ltr'>possunt.</span> 
     </span>
     <span class='ocr_line' id='line_1_35' title="bbox 553 3395 761 3453; baseline -0.005 -2"><span class='ocrx_word' id='word_1_198' title='bbox 553 3448 555 3451; x_wconf 84' lang='lat'>.</span> <span class='ocrx_word' id='word_1_199' title='bbox 609 3397 653 3452; x_wconf 89' lang='grc'>77.</span> <span class='ocrx_word' id='word_1_200' title='bbox 666 3395 761 3453; x_wconf 86' lang='lat' dir='ltr'>Scolte.</span> 
     </span>
     <span class='ocr_line' id='line_1_36' title="bbox 243 3488 1065 3568; baseline -0.021 -9"><span class='ocrx_word' id='word_1_201' title='bbox 243 3510 246 3519; x_wconf 84' lang='lat'>‘</span> <span class='ocrx_word' id='word_1_202' title='bbox 284 3500 340 3558; x_wconf 86' lang='lat' dir='ltr'>Nos</span> <span class='ocrx_word' id='word_1_203' title='bbox 354 3514 460 3568; x_wconf 83' lang='lat' dir='ltr'>sumus,</span> <span class='ocrx_word' id='word_1_204' title='bbox 474 3496 508 3554; x_wconf 87' lang='lat' dir='ltr'>ad</span> <span class='ocrx_word' id='word_1_205' title='bbox 520 3496 619 3553; x_wconf 86' lang='lat' dir='ltr'>coelum</span> <span class='ocrx_word' id='word_1_206' title='bbox 634 3509 695 3566; x_wconf 77' lang='lat' dir='ltr'>qun</span> <span class='ocrx_word' id='word_1_207' title='bbox 709 3490 848 3548; x_wconf 88' lang='lat' dir='ltr'>tendimus</span> <span class='ocrx_word' id='word_1_208' title='bbox 863 3488 916 3545; x_wconf 84' lang='lat' dir='ltr'>alta</span> <span class='ocrx_word' id='word_1_209' title='bbox 929 3495 1065 3560; x_wconf 81' lang='lat' dir='ltr'>petentes,</span> 
     </span>
     <span class='ocr_line' id='line_1_37' title="bbox 284 3580 929 3660; baseline -0.023 -10"><span class='ocrx_word' id='word_1_210' title='bbox 284 3591 420 3650; x_wconf 79' lang='lat' dir='ltr'>Gottcordi</span> <span class='ocrx_word' id='word_1_211' title='bbox 433 3589 534 3650; x_wconf 87' lang='lat' dir='ltr'>labrica</span> <span class='ocrx_word' id='word_1_212' title='bbox 549 3604 616 3660; x_wconf 90' lang='lat' dir='ltr'>quas</span> <span class='ocrx_word' id='word_1_213' title='bbox 632 3602 701 3643; x_wconf 91' lang='lat' dir='ltr'>unus</span> <span class='ocrx_word' id='word_1_214' title='bbox 711 3583 836 3640; x_wconf 87' lang='lat' dir='ltr'>continet</span> <span class='ocrx_word' id='word_1_215' title='bbox 850 3580 929 3646; x_wconf 89' lang='lat' dir='ltr'>ordo,</span> 
     </span>
     <span class='ocr_line' id='line_1_38' title="bbox 286 3673 993 3751; baseline -0.024 -6"><span class='ocrx_word' id='word_1_216' title='bbox 286 3684 322 3744; x_wconf 88' lang='lat' dir='ltr'>tn</span> <span class='ocrx_word' id='word_1_217' title='bbox 332 3683 413 3742; x_wconf 85' lang='lat' dir='ltr'>simui</span> <span class='ocrx_word' id='word_1_218' title='bbox 426 3683 561 3739; x_wconf 77' lang='lat' dir='ltr'>herentes</span> <span class='ocrx_word' id='word_1_219' title='bbox 575 3694 623 3751; x_wconf 87' lang='lat' dir='ltr'>per</span> <span class='ocrx_word' id='word_1_220' title='bbox 636 3692 686 3733; x_wconf 89' lang='lat' dir='ltr'>nos</span> <span class='ocrx_word' id='word_1_221' title='bbox 698 3673 843 3733; x_wconf 77' lang='lat' dir='ltr'>scandatur</span> <span class='ocrx_word' id='word_1_222' title='bbox 855 3673 888 3730; x_wconf 91' lang='lat' dir='ltr'>ad</span> <span class='ocrx_word' id='word_1_223' title='bbox 903 3686 993 3728; x_wconf 87' lang='lat' dir='ltr'>ouras.</span> 
     </span>
    </p>
   </div>
   <div class='ocr_carea' id='block_1_7' title="bbox 286 3780 1085 5053">
    <p class='ocr_par' dir='ltr' id='par_1_7' title="bbox 286 3780 1085 5053">
     <span class='ocr_line' id='line_1_39' title="bbox 602 3780 764 3851; baseline -0.006 -15"><span class='ocrx_word' id='word_1_224' title='bbox 602 3780 646 3837; x_wconf 87' lang='grc'>78.</span> <span class='ocrx_word' id='word_1_225' title='bbox 667 3782 764 3851; x_wconf 79' lang='lat' dir='ltr'>Scopa.</span> 
     </span>
     <span class='ocr_line' id='line_1_40' title="bbox 286 3867 964 3951; baseline -0.027 -11"><span class='ocrx_word' id='word_1_226' title='bbox 286 3881 378 3940; x_wconf 81' lang='lat' dir='ltr'>blondi</span> <span class='ocrx_word' id='word_1_227' title='bbox 392 3893 488 3951; x_wconf 73' lang='lat' dir='ltr'>magna</span> <span class='ocrx_word' id='word_1_228' title='bbox 498 3891 605 3950; x_wconf 86' lang='lat' dir='ltr'>parens,</span> <span class='ocrx_word' id='word_1_229' title='bbox 621 3874 718 3944; x_wconf 84' lang='lat' dir='ltr'>laqueo</span> <span class='ocrx_word' id='word_1_230' title='bbox 732 3885 854 3928; x_wconf 82' lang='lat' dir='ltr'>connexa</span> <span class='ocrx_word' id='word_1_231' title='bbox 866 3867 964 3934; x_wconf 88' lang='lat' dir='ltr'>tenaci,</span> 
     </span>
     <span class='ocr_line' id='line_1_41' title="bbox 287 3960 983 4041; baseline -0.026 -9"><span class='ocrx_word' id='word_1_232' title='bbox 287 3975 384 4032; x_wconf 81' lang='lat' dir='ltr'>Jttttcle</span> <span class='ocrx_word' id='word_1_233' title='bbox 394 3972 454 4028; x_wconf 90' lang='lat' dir='ltr'>solo</span> <span class='ocrx_word' id='word_1_234' title='bbox 466 3971 547 4041; x_wconf 90' lang='lat' dir='ltr'>plano</span> <span class='ocrx_word' id='word_1_235' title='bbox 559 3966 681 4023; x_wconf 86' lang='lat' dir='ltr'>unonibus</span> <span class='ocrx_word' id='word_1_236' title='bbox 694 3978 853 4035; x_wconf 88' lang='lat' dir='ltr'>comprensa</span> <span class='ocrx_word' id='word_1_237' title='bbox 867 3960 983 4028; x_wconf 87' lang='lat' dir='ltr'>duabus,</span> 
     </span>
     <span class='ocr_line' id='line_1_42' title="bbox 289 4061 1085 4137; baseline -0.021 -12"><span class='ocrx_word' id='word_1_238' title='bbox 289 4061 1085 4137; x_wconf 81' lang='lat' dir='ltr'>Ducorttbiqueseqnens,etmequoquecunctasequuntur.</span> 
     </span>
     <span class='ocr_line' id='line_1_43' title="bbox 551 4148 833 4208; baseline -0.011 -2"><span class='ocrx_word' id='word_1_239' title='bbox 551 4151 595 4208; x_wconf 85' lang='lat'>79.</span> <span class='ocrx_word' id='word_1_240' title='bbox 611 4148 833 4205; x_wconf 83' lang='lat' dir='ltr'>Tintinnoltttlstm.</span> 
     </span>
     <span class='ocr_line' id='line_1_44' title="bbox 290 4239 1014 4324; baseline -0.026 -10"><span class='ocrx_word' id='word_1_241' title='bbox 290 4255 355 4313; x_wconf 81' lang='lat' dir='ltr'>AEre</span> <span class='ocrx_word' id='word_1_242' title='bbox 367 4254 459 4324; x_wconf 82' lang='lat' dir='ltr'>riqens</span> <span class='ocrx_word' id='word_1_243' title='bbox 471 4264 555 4307; x_wconf 84' lang='lat' dir='ltr'>curto</span> <span class='ocrx_word' id='word_1_244' title='bbox 569 4246 689 4318; x_wconf 89' lang='lat' dir='ltr'>patulum</span> <span class='ocrx_word' id='word_1_245' title='bbox 704 4255 854 4313; x_wconf 87' lang='lat' dir='ltr'>componor</span> <span class='ocrx_word' id='word_1_246' title='bbox 867 4240 894 4296; x_wconf 91' lang='lat' dir='ltr'>in</span> <span class='ocrx_word' id='word_1_247' title='bbox 909 4239 1014 4297; x_wconf 81' lang='lat' dir='ltr'>orbern.</span> 
     </span>
     <span class='ocr_line' id='line_1_45' title="bbox 291 4333 949 4413; baseline -0.03 -7"><span class='ocrx_word' id='word_1_248' title='bbox 291 4348 397 4406; x_wconf 84' lang='lat' dir='ltr'>blobilis</span> <span class='ocrx_word' id='word_1_249' title='bbox 409 4353 452 4403; x_wconf 92' lang='grc' dir='ltr'>ιιι</span> <span class='ocrx_word' id='word_1_250' title='bbox 466 4344 539 4401; x_wconf 90' lang='lat' dir='ltr'>intus</span> <span class='ocrx_word' id='word_1_251' title='bbox 553 4341 650 4413; x_wconf 66' lang='lat' dir='ltr'>titique</span> <span class='ocrx_word' id='word_1_252' title='bbox 662 4335 819 4408; x_wconf 88' lang='lat' dir='ltr'>crepitantis</span> <span class='ocrx_word' id='word_1_253' title='bbox 832 4336 921 4405; x_wconf 77' lang='lat' dir='ltr'>imago</span> <span class='ocrx_word' id='word_1_254' title='bbox 930 4333 949 4406; x_wconf 77' lang='lat'>31</span> 
     </span>
     <span class='ocr_line' id='line_1_46' title="bbox 290 4425 1050 4509; baseline -0.022 -11"><span class='ocrx_word' id='word_1_255' title='bbox 290 4441 349 4498; x_wconf 81' lang='lat' dir='ltr'>Nou</span> <span class='ocrx_word' id='word_1_256' title='bbox 362 4447 472 4496; x_wconf 87' lang='lat' dir='ltr'>resonat</span> <span class='ocrx_word' id='word_1_257' title='bbox 484 4436 599 4509; x_wconf 85' lang='lat' dir='ltr'>positus,</span> <span class='ocrx_word' id='word_1_258' title='bbox 614 4443 703 4489; x_wconf 89' lang='lat' dir='ltr'>motus</span> <span class='ocrx_word' id='word_1_259' title='bbox 718 4445 826 4502; x_wconf 91' lang='lat' dir='ltr'>quoque</span> <span class='ocrx_word' id='word_1_260' title='bbox 839 4443 912 4500; x_wconf 77' lang='lat' dir='ltr'>saepe</span> <span class='ocrx_word' id='word_1_261' title='bbox 926 4425 1050 4484; x_wconf 83' lang='lat' dir='ltr'>resultat.</span> 
     </span>
     <span class='ocr_line' id='line_1_47' title="bbox 506 4524 838 4597; baseline -0.018 -13"><span class='ocrx_word' id='word_1_262' title='bbox 506 4553 525 4597; x_wconf 74' lang='lat' dir='ltr'>p„</span> <span class='ocrx_word' id='word_1_263' title='bbox 541 4527 587 4584; x_wconf 86' lang='grc'>88.</span> <span class='ocrx_word' id='word_1_264' title='bbox 612 4524 735 4581; x_wconf 73' lang='lat' dir='ltr'>Conditus</span> <span class='ocrx_word' id='word_1_265' title='bbox 754 4534 838 4596; x_wconf 84' lang='lat' dir='ltr'>potos.</span> 
     </span>
     <span class='ocr_line' id='line_1_48' title="bbox 292 4613 973 4688; baseline -0.018 -8"><span class='ocrx_word' id='word_1_266' title='bbox 292 4623 360 4680; x_wconf 81' lang='lat' dir='ltr'>&#39;ires</span> <span class='ocrx_word' id='word_1_267' title='bbox 374 4621 438 4677; x_wconf 91' lang='lat' dir='ltr'>olim</span> <span class='ocrx_word' id='word_1_268' title='bbox 451 4617 562 4684; x_wconf 86' lang='lat' dir='ltr'>luimus,</span> <span class='ocrx_word' id='word_1_269' title='bbox 577 4616 622 4688; x_wconf 93' lang='lat' dir='ltr'>qui</span> <span class='ocrx_word' id='word_1_270' title='bbox 638 4615 748 4672; x_wconf 89' lang='lat' dir='ltr'>nomine</span> <span class='ocrx_word' id='word_1_271' title='bbox 758 4613 895 4685; x_wconf 77' lang='lat' dir='ltr'>jungimur</span> <span class='ocrx_word' id='word_1_272' title='bbox 908 4629 973 4670; x_wconf 91' lang='lat' dir='ltr'>uno.</span> 
     </span>
     <span class='ocr_line' id='line_1_49' title="bbox 292 4706 982 4775; baseline -0.016 -4"><span class='ocrx_word' id='word_1_273' title='bbox 292 4716 331 4771; x_wconf 84' lang='lat' dir='ltr'>Ex</span> <span class='ocrx_word' id='word_1_274' title='bbox 348 4713 433 4770; x_wconf 87' lang='lat' dir='ltr'>tribus</span> <span class='ocrx_word' id='word_1_275' title='bbox 447 4719 489 4767; x_wconf 86' lang='lat' dir='ltr'>est</span> <span class='ocrx_word' id='word_1_276' title='bbox 503 4723 583 4775; x_wconf 88' lang='lat' dir='ltr'>unus,</span> <span class='ocrx_word' id='word_1_277' title='bbox 598 4717 627 4763; x_wconf 89' lang='lat' dir='ltr'>et</span> <span class='ocrx_word' id='word_1_278' title='bbox 639 4718 695 4765; x_wconf 82' lang='lat' dir='ltr'>tres</span> <span class='ocrx_word' id='word_1_279' title='bbox 708 4707 856 4762; x_wconf 74' lang='lat' dir='ltr'>miscentur</span> <span class='ocrx_word' id='word_1_280' title='bbox 869 4706 895 4761; x_wconf 90' lang='lat' dir='ltr'>in</span> <span class='ocrx_word' id='word_1_281' title='bbox 910 4720 982 4770; x_wconf 87' lang='lat' dir='ltr'>nno;</span> 
     </span>
     <span class='ocr_line' id='line_1_50' title="bbox 294 4796 1068 4875; baseline -0.01 -14"><span class='ocrx_word' id='word_1_282' title='bbox 294 4804 412 4875; x_wconf 82' lang='lat' dir='ltr'>Quisque</span> <span class='ocrx_word' id='word_1_283' title='bbox 424 4803 512 4858; x_wconf 92' lang='lat' dir='ltr'>bonus</span> <span class='ocrx_word' id='word_1_284' title='bbox 525 4815 572 4870; x_wconf 91' lang='lat' dir='ltr'>per</span> <span class='ocrx_word' id='word_1_285' title='bbox 585 4813 616 4855; x_wconf 90' lang='lat' dir='ltr'>se</span> <span class='ocrx_word' id='word_1_286' title='bbox 631 4816 639 4855; x_wconf 75' lang='lat' dir='ltr'>a</span> <span class='ocrx_word' id='word_1_287' title='bbox 653 4796 758 4861; x_wconf 82' lang='lat' dir='ltr'>melior.</span> <span class='ocrx_word' id='word_1_288' title='bbox 774 4797 820 4870; x_wconf 93' lang='lat' dir='ltr'>qui</span> <span class='ocrx_word' id='word_1_289' title='bbox 831 4797 951 4853; x_wconf 85' lang='lat' dir='ltr'>continet</span> <span class='ocrx_word' id='word_1_290' title='bbox 962 4811 1068 4854; x_wconf 89' lang='lat' dir='ltr'>omnes.</span> 
     </span>
     <span class='ocr_line' id='line_1_51' title="bbox 436 4891 998 4950; baseline -0.012 0"><span class='ocrx_word' id='word_1_291' title='bbox 436 4893 481 4950; x_wconf 93' lang='grc'>81.</span> <span class='ocrx_word' id='word_1_292' title='bbox 512 4891 604 4948; x_wconf 81' lang='lat' dir='ltr'>Virtam</span> <span class='ocrx_word' id='word_1_293' title='bbox 620 4907 769 4946; x_wconf 74' lang='lat' dir='ltr'>conensem</span> <span class='ocrx_word' id='word_1_294' title='bbox 788 4893 816 4945; x_wconf 89' lang='lat' dir='ltr'>in</span> <span class='ocrx_word' id='word_1_295' title='bbox 830 4900 945 4946; x_wconf 80' lang='lat' dir='ltr'>ucetttnt.</span> <span class='ocrx_word' id='word_1_296' title='bbox 992 4893 998 4897; x_wconf 85' lang='lat'>&#39;</span> 
     </span>
     <span class='ocr_line' id='line_1_52' title="bbox 294 4983 1030 5053; baseline -0.016 -5"><span class='ocrx_word' id='word_1_297' title='bbox 294 4990 435 5048; x_wconf 78' lang='lat' dir='ltr'>sublatum</span> <span class='ocrx_word' id='word_1_298' title='bbox 446 4985 512 5043; x_wconf 90' lang='lat' dir='ltr'>nibil</span> <span class='ocrx_word' id='word_1_299' title='bbox 526 4995 578 5053; x_wconf 85' lang='lat' dir='ltr'>est,</span> <span class='ocrx_word' id='word_1_300' title='bbox 594 4983 661 5041; x_wconf 88' lang='lat' dir='ltr'>nibil</span> <span class='ocrx_word' id='word_1_301' title='bbox 671 4993 713 5041; x_wconf 90' lang='lat' dir='ltr'>est</span> <span class='ocrx_word' id='word_1_302' title='bbox 722 4984 892 5040; x_wconf 84' lang='lat' dir='ltr'>extrinsecus</span> <span class='ocrx_word' id='word_1_303' title='bbox 903 4992 1030 5047; x_wconf 86' lang='lat' dir='ltr'>auctum;</span> 
     </span>
    </p>
   </div>
   <div class='ocr_carea' id='block_1_8' title="bbox 292 5073 1108 5148">
    <p class='ocr_par' dir='ltr' id='par_1_8' title="bbox 292 5073 1108 5148">
     <span class='ocr_line' id='line_1_53' title="bbox 292 5073 1108 5148; baseline -0.016 -9"><span class='ocrx_word' id='word_1_304' title='bbox 292 5081 349 5139; x_wconf 85' lang='lat' dir='ltr'>Nec</span> <span class='ocrx_word' id='word_1_305' title='bbox 363 5091 452 5138; x_wconf 82' lang='lat' dir='ltr'>nmen</span> <span class='ocrx_word' id='word_1_306' title='bbox 465 5077 581 5145; x_wconf 82' lang='lat' dir='ltr'>invenio,</span> <span class='ocrx_word' id='word_1_307' title='bbox 593 5075 723 5148; x_wconf 89' lang='lat' dir='ltr'>quidquid</span> <span class='ocrx_word' id='word_1_308' title='bbox 736 5075 810 5146; x_wconf 86' lang='lat' dir='ltr'>prius</span> <span class='ocrx_word' id='word_1_309' title='bbox 822 5077 879 5145; x_wconf 83' lang='lat' dir='ltr'>ipse</span> <span class='ocrx_word' id='word_1_310' title='bbox 892 5073 999 5145; x_wconf 82' lang='lat' dir='ltr'>reliqui.</span> <span class='ocrx_word' id='word_1_311' title='bbox 1098 5099 1108 5118; x_wconf 69' lang='grc' dir='ltr'>ι</span> 
     </span>
    </p>
   </div>
   <div class='ocr_carea' id='block_1_9' title="bbox 293 5168 1071 5692">
    <p class='ocr_par' dir='ltr' id='par_1_9' title="bbox 293 5168 1071 5692">
     <span class='ocr_line' id='line_1_54' title="bbox 293 5168 1071 5247; baseline -0.014 -15"><span class='ocrx_word' id='word_1_312' title='bbox 293 5176 370 5247; x_wconf 74' lang='lat' dir='ltr'>Quod</span> <span class='ocrx_word' id='word_1_313' title='bbox 385 5172 485 5242; x_wconf 84' lang='lat' dir='ltr'>luerat,</span> <span class='ocrx_word' id='word_1_314' title='bbox 499 5179 607 5229; x_wconf 85' lang='lat' dir='ltr'>nonest</span> <span class='ocrx_word' id='word_1_315' title='bbox 620 5168 732 5239; x_wconf 58' lang='lat' dir='ltr'>:copie</span> <span class='ocrx_word' id='word_1_316' title='bbox 746 5168 828 5239; x_wconf 88' lang='lat' dir='ltr'>quod,</span> <span class='ocrx_word' id='word_1_317' title='bbox 845 5185 898 5223; x_wconf 91' lang='lat' dir='ltr'>nun</span> <span class='ocrx_word' id='word_1_318' title='bbox 916 5177 986 5233; x_wconf 87' lang='lat' dir='ltr'>erut,</span> <span class='ocrx_word' id='word_1_319' title='bbox 1000 5179 1071 5223; x_wconf 84' lang='lat' dir='ltr'>esse.</span> 
     </span>
     <span class='ocr_line' id='line_1_55' title="bbox 598 5260 779 5331; baseline -0.022 -12"><span class='ocrx_word' id='word_1_320' title='bbox 598 5262 653 5331; x_wconf 61' lang='lat'>,82</span> <span class='ocrx_word' id='word_1_321' title='bbox 669 5260 779 5317; x_wconf 75' lang='lat' dir='ltr'>llolttnt.</span> 
     </span>
     <span class='ocr_line' id='line_1_56' title="bbox 295 5353 1058 5429; baseline -0.013 -10"><span class='ocrx_word' id='word_1_322' title='bbox 295 5361 398 5419; x_wconf 83' lang='lat' dir='ltr'>Nomen</span> <span class='ocrx_word' id='word_1_323' title='bbox 411 5359 514 5416; x_wconf 85' lang='lat' dir='ltr'>habens</span> <span class='ocrx_word' id='word_1_324' title='bbox 526 5373 655 5429; x_wconf 72' lang='lat' dir='ltr'>grecum,</span> <span class='ocrx_word' id='word_1_325' title='bbox 670 5355 808 5413; x_wconf 92' lang='lat' dir='ltr'>contentio</span> <span class='ocrx_word' id='word_1_326' title='bbox 821 5369 917 5427; x_wconf 76' lang='lat' dir='ltr'>magna</span> <span class='ocrx_word' id='word_1_327' title='bbox 930 5353 1058 5422; x_wconf 86' lang='lat' dir='ltr'>dearum,</span> 
     </span>
     <span class='ocr_line' id='line_1_57' title="bbox 296 5428 1011 5524; baseline -0.014 -12"><span class='ocrx_word' id='word_1_328' title='bbox 296 5453 380 5512; x_wconf 78' lang='lat' dir='ltr'>Fraus</span> <span class='ocrx_word' id='word_1_329' title='bbox 392 5451 499 5524; x_wconf 74' lang='lat' dir='ltr'>invenis</span> <span class='ocrx_word' id='word_1_330' title='bbox 511 5449 629 5522; x_wconf 82' lang='lat' dir='ltr'>pulchri,</span> <span class='ocrx_word' id='word_1_331' title='bbox 641 5449 784 5504; x_wconf 88' lang='lat' dir='ltr'>multarum</span> <span class='ocrx_word' id='word_1_332' title='bbox 796 5464 859 5505; x_wconf 89' lang='lat' dir='ltr'>curu</span> <span class='ocrx_word' id='word_1_333' title='bbox 873 5428 1011 5515; x_wconf 85' lang='lat' dir='ltr'>sororum,</span> 
     </span>
     <span class='ocr_line' id='line_1_58' title="bbox 296 5539 958 5614; baseline -0.017 -8"><span class='ocrx_word' id='word_1_334' title='bbox 296 5546 438 5607; x_wconf 83' lang='lat' dir='ltr'>Excidium</span> <span class='ocrx_word' id='word_1_335' title='bbox 451 5541 552 5614; x_wconf 78' lang='lat' dir='ltr'>Troiae,</span> <span class='ocrx_word' id='word_1_336' title='bbox 565 5541 629 5599; x_wconf 91' lang='lat' dir='ltr'>dum</span> <span class='ocrx_word' id='word_1_337' title='bbox 645 5541 713 5599; x_wconf 86' lang='lat' dir='ltr'>bella</span> <span class='ocrx_word' id='word_1_338' title='bbox 728 5549 840 5598; x_wconf 87' lang='lat' dir='ltr'>cruenta</span> <span class='ocrx_word' id='word_1_339' title='bbox 855 5539 958 5614; x_wconf 75' lang='lat' dir='ltr'>pereni.</span> 
     </span>
     <span class='ocr_line' id='line_1_59' title="bbox 610 5633 779 5692; baseline -0.018 0"><span class='ocrx_word' id='word_1_340' title='bbox 610 5635 655 5692; x_wconf 75' lang='grc'>88.</span> <span class='ocrx_word' id='word_1_341' title='bbox 681 5633 779 5690; x_wconf 74' lang='lat' dir='ltr'>Pone.</span> 
     </span>
    </p>
   </div>
   <div class='ocr_carea' id='block_1_10' title="bbox 298 5731 946 5812">
    <p class='ocr_par' dir='ltr' id='par_1_10' title="bbox 298 5731 946 5812">
     <span class='ocr_line' id='line_1_60' title="bbox 298 5731 946 5812; baseline -0.014 -13"><span class='ocrx_word' id='word_1_342' title='bbox 298 5737 392 5799; x_wconf 83' lang='lat' dir='ltr'>llobllc</span> <span class='ocrx_word' id='word_1_343' title='bbox 405 5736 476 5798; x_wconf 88' lang='lat' dir='ltr'>duco</span> <span class='ocrx_word' id='word_1_344' title='bbox 485 5751 571 5812; x_wconf 74' lang='lat' dir='ltr'>penus</span> <span class='ocrx_word' id='word_1_345' title='bbox 585 5735 674 5811; x_wconf 75' lang='lat' dir='ltr'>magni</span> <span class='ocrx_word' id='word_1_346' title='bbox 687 5735 720 5794; x_wconf 92' lang='lat' dir='ltr'>de</span> <span class='ocrx_word' id='word_1_347' title='bbox 734 5743 815 5808; x_wconf 78' lang='lat' dir='ltr'>qente</span> <span class='ocrx_word' id='word_1_348' title='bbox 826 5731 946 5793; x_wconf 84' lang='lat' dir='ltr'>Catonis.</span> 
     </span>
    </p>
   </div>
   <div class='ocr_carea' id='block_1_11' title="bbox 997 200 1839 405">
    <p class='ocr_par' dir='ltr' id='par_1_11' title="bbox 997 200 1839 405">
     <span class='ocr_line' id='line_1_61' title="bbox 997 200 1200 266; baseline -0.005 -1"><span class='ocrx_word' id='word_1_349' title='bbox 997 200 1200 266; x_wconf 65' lang='lat' dir='ltr'>mittentis.</span> 
     </span>
     <span class='ocr_line' id='line_1_62' title="bbox 1085 319 1839 405; baseline 0.017 -27"><span class='ocrx_word' id='word_1_350' title='bbox 1085 322 1110 388; x_wconf 79' lang='grc' dir='ltr'>Α</span> <span class='ocrx_word' id='word_1_351' title='bbox 1126 322 1183 380; x_wconf 86' lang='lat' dir='ltr'>linn</span> <span class='ocrx_word' id='word_1_352' title='bbox 1199 319 1265 382; x_wconf 82' lang='lat' dir='ltr'>ruilui</span> <span class='ocrx_word' id='word_1_353' title='bbox 1283 340 1363 385; x_wconf 88' lang='lat' dir='ltr'>soror</span> <span class='ocrx_word' id='word_1_354' title='bbox 1377 339 1430 397; x_wconf 88' lang='lat' dir='ltr'>est,</span> <span class='ocrx_word' id='word_1_355' title='bbox 1445 329 1537 402; x_wconf 89' lang='lat' dir='ltr'>plures</span> <span class='ocrx_word' id='word_1_356' title='bbox 1547 331 1611 389; x_wconf 89' lang='lat' dir='ltr'>lieet</span> <span class='ocrx_word' id='word_1_357' title='bbox 1625 347 1686 390; x_wconf 87' lang='lat' dir='ltr'>osse</span> <span class='ocrx_word' id='word_1_358' title='bbox 1702 344 1839 405; x_wconf 82' lang='lat' dir='ltr'>putentur.</span> 
     </span>
    </p>
   </div>
   <div class='ocr_carea' id='block_1_12' title="bbox 1875 219 1932 282">
    <p class='ocr_par' dir='ltr' id='par_1_12' title="bbox 1875 219 1932 282">
     <span class='ocr_line' id='line_1_63' title="bbox 1875 219 1932 282; baseline 0.035 -2"><span class='ocrx_word' id='word_1_359' title='bbox 1875 219 1932 282; x_wconf 74' lang='grc'>996</span> 
     </span>
    </p>
   </div>
   <div class='ocr_carea' id='block_1_13' title="bbox 1125 417 1935 1690">
    <p class='ocr_par' dir='ltr' id='par_1_13' title="bbox 1125 417 1778 576">
     <span class='ocr_line' id='line_1_64' title="bbox 1125 417 1778 495; baseline 0.02 -21"><span class='ocrx_word' id='word_1_360' title='bbox 1125 418 1164 477; x_wconf 86' lang='lat' dir='ltr'>be</span> <span class='ocrx_word' id='word_1_361' title='bbox 1179 419 1252 477; x_wconf 83' lang='lat' dir='ltr'>innuo</span> <span class='ocrx_word' id='word_1_362' title='bbox 1265 417 1359 492; x_wconf 86' lang='lat' dir='ltr'>iacies,</span> <span class='ocrx_word' id='word_1_363' title='bbox 1370 423 1502 495; x_wconf 90' lang='lat' dir='ltr'>sapientia</span> <span class='ocrx_word' id='word_1_364' title='bbox 1517 426 1552 483; x_wconf 90' lang='lat' dir='ltr'>de</span> <span class='ocrx_word' id='word_1_365' title='bbox 1563 442 1637 485; x_wconf 88' lang='lat' dir='ltr'>mare</span> <span class='ocrx_word' id='word_1_366' title='bbox 1648 436 1710 485; x_wconf 89' lang='lat' dir='ltr'>natu</span> <span class='ocrx_word' id='word_1_367' title='bbox 1724 436 1778 487; x_wconf 86' lang='lat' dir='ltr'>est.</span> 
     </span>
     <span class='ocr_line' id='line_1_65' title="bbox 1431 518 1619 576; baseline 0.011 -2"><span class='ocrx_word' id='word_1_368' title='bbox 1431 518 1477 574; x_wconf 81' lang='grc'>81.</span> <span class='ocrx_word' id='word_1_369' title='bbox 1497 518 1619 576; x_wconf 78' lang='lat' dir='ltr'>liudem.</span> 
     </span>
    </p>

    <p class='ocr_par' dir='ltr' id='par_1_14' title="bbox 1125 607 1786 686">
     <span class='ocr_line' id='line_1_66' title="bbox 1125 607 1786 686; baseline 0.012 -21"><span class='ocrx_word' id='word_1_370' title='bbox 1125 607 1184 666; x_wconf 85' lang='lat' dir='ltr'>Non</span> <span class='ocrx_word' id='word_1_371' title='bbox 1197 624 1248 681; x_wconf 73' lang='lat' dir='ltr'>eqo</span> <span class='ocrx_word' id='word_1_372' title='bbox 1259 609 1294 667; x_wconf 93' lang='lat' dir='ltr'>de</span> <span class='ocrx_word' id='word_1_373' title='bbox 1307 619 1364 668; x_wconf 90' lang='lat' dir='ltr'>toto</span> <span class='ocrx_word' id='word_1_374' title='bbox 1376 610 1443 668; x_wconf 88' lang='lat' dir='ltr'>mibi</span> <span class='ocrx_word' id='word_1_375' title='bbox 1456 626 1571 686; x_wconf 88' lang='lat' dir='ltr'>corpore</span> <span class='ocrx_word' id='word_1_376' title='bbox 1584 614 1691 672; x_wconf 83' lang='lat' dir='ltr'>uindico</span> <span class='ocrx_word' id='word_1_377' title='bbox 1702 615 1786 686; x_wconf 81' lang='lat' dir='ltr'>vires,</span> 
     </span>
    </p>

    <p class='ocr_par' dir='ltr' id='par_1_15' title="bbox 1126 701 1714 777">
     <span class='ocr_line' id='line_1_67' title="bbox 1126 701 1714 777; baseline 0.007 -20"><span class='ocrx_word' id='word_1_378' title='bbox 1126 701 1180 758; x_wconf 86' lang='lat' dir='ltr'>Sed</span> <span class='ocrx_word' id='word_1_379' title='bbox 1195 703 1292 774; x_wconf 88' lang='lat' dir='ltr'>capitis</span> <span class='ocrx_word' id='word_1_380' title='bbox 1306 718 1395 777; x_wconf 78' lang='lat' dir='ltr'>pugna</span> <span class='ocrx_word' id='word_1_381' title='bbox 1405 705 1471 761; x_wconf 91' lang='lat' dir='ltr'>nulli</span> <span class='ocrx_word' id='word_1_382' title='bbox 1491 715 1596 763; x_wconf 85' lang='lat' dir='ltr'>certare</span> <span class='ocrx_word' id='word_1_383' title='bbox 1608 722 1714 765; x_wconf 89' lang='lat' dir='ltr'>recuso.</span> 
     </span>
    </p>

    <p class='ocr_par' dir='ltr' id='par_1_16' title="bbox 1126 795 1933 949">
     <span class='ocr_line' id='line_1_68' title="bbox 1126 795 1933 877; baseline 0.012 -25"><span class='ocrx_word' id='word_1_384' title='bbox 1126 795 1235 854; x_wconf 79' lang='lat' dir='ltr'>Grande</span> <span class='ocrx_word' id='word_1_385' title='bbox 1248 796 1313 854; x_wconf 88' lang='lat' dir='ltr'>mibi</span> <span class='ocrx_word' id='word_1_386' title='bbox 1324 807 1404 870; x_wconf 89' lang='lat' dir='ltr'>caput</span> <span class='ocrx_word' id='word_1_387' title='bbox 1413 810 1473 856; x_wconf 88' lang='lat' dir='ltr'>est:</span> <span class='ocrx_word' id='word_1_388' title='bbox 1488 810 1572 856; x_wconf 88' lang='lat' dir='ltr'>totum</span> <span class='ocrx_word' id='word_1_389' title='bbox 1585 817 1693 875; x_wconf 89' lang='lat' dir='ltr'>quoque</span> <span class='ocrx_word' id='word_1_390' title='bbox 1703 802 1809 876; x_wconf 85' lang='lat' dir='ltr'>pondus</span> <span class='ocrx_word' id='word_1_391' title='bbox 1820 803 1846 860; x_wconf 88' lang='lat' dir='ltr'>iu</span> <span class='ocrx_word' id='word_1_392' title='bbox 1859 803 1933 877; x_wconf 85' lang='lat' dir='ltr'>ipso.</span> 
     </span>
     <span class='ocr_line' id='line_1_69' title="bbox 1429 891 1629 949; baseline 0.005 -1"><span class='ocrx_word' id='word_1_393' title='bbox 1429 891 1476 949; x_wconf 80' lang='grc'>86.</span> <span class='ocrx_word' id='word_1_394' title='bbox 1499 892 1629 949; x_wconf 87' lang='lat' dir='ltr'>Pistilitts.</span> 
     </span>
    </p>

    <p class='ocr_par' dir='ltr' id='par_1_17' title="bbox 1126 977 1803 1059">
     <span class='ocr_line' id='line_1_70' title="bbox 1126 977 1803 1059; baseline 0.013 -24"><span class='ocrx_word' id='word_1_395' title='bbox 1126 977 1244 1037; x_wconf 85' lang='lat' dir='ltr'>Contero</span> <span class='ocrx_word' id='word_1_396' title='bbox 1255 991 1352 1038; x_wconf 91' lang='lat' dir='ltr'>cuncta</span> <span class='ocrx_word' id='word_1_397' title='bbox 1367 984 1449 1040; x_wconf 86' lang='lat' dir='ltr'>sitnul</span> <span class='ocrx_word' id='word_1_398' title='bbox 1463 985 1569 1042; x_wconf 84' lang='lat' dir='ltr'>virtutis</span> <span class='ocrx_word' id='word_1_399' title='bbox 1582 985 1681 1044; x_wconf 90' lang='lat' dir='ltr'>robore</span> <span class='ocrx_word' id='word_1_400' title='bbox 1694 1002 1803 1059; x_wconf 73' lang='lat' dir='ltr'>magno.</span> 
     </span>
    </p>

    <p class='ocr_par' dir='ltr' id='par_1_18' title="bbox 1128 1067 1801 1146">
     <span class='ocr_line' id='line_1_71' title="bbox 1128 1067 1801 1146; baseline 0.01 -19"><span class='ocrx_word' id='word_1_401' title='bbox 1128 1069 1186 1130; x_wconf 86' lang='lat' dir='ltr'>Una</span> <span class='ocrx_word' id='word_1_402' title='bbox 1200 1072 1266 1128; x_wconf 91' lang='lat' dir='ltr'>ntibi</span> <span class='ocrx_word' id='word_1_403' title='bbox 1281 1067 1382 1139; x_wconf 84' lang='lat' dir='ltr'>eervix&#39;,</span> <span class='ocrx_word' id='word_1_404' title='bbox 1392 1076 1509 1146; x_wconf 87' lang='lat' dir='ltr'>capitum</span> <span class='ocrx_word' id='word_1_405' title='bbox 1520 1077 1567 1133; x_wconf 90' lang='lat' dir='ltr'>sed</span> <span class='ocrx_word' id='word_1_406' title='bbox 1578 1076 1664 1133; x_wconf 89' lang='lat' dir='ltr'>lorma</span> <span class='ocrx_word' id='word_1_407' title='bbox 1674 1077 1801 1134; x_wconf 91' lang='lat' dir='ltr'>duorum.</span> 
     </span>
    </p>

    <p class='ocr_par' dir='ltr' id='par_1_19' title="bbox 1130 1162 1935 1334">
     <span class='ocr_line' id='line_1_72' title="bbox 1130 1162 1935 1243; baseline 0.014 -24"><span class='ocrx_word' id='word_1_408' title='bbox 1130 1162 1181 1219; x_wconf 77' lang='lat' dir='ltr'>Pro</span> <span class='ocrx_word' id='word_1_409' title='bbox 1195 1163 1309 1234; x_wconf 89' lang='lat' dir='ltr'>pedibus</span> <span class='ocrx_word' id='word_1_410' title='bbox 1323 1176 1404 1239; x_wconf 89' lang='lat' dir='ltr'>caput</span> <span class='ocrx_word' id='word_1_411' title='bbox 1414 1176 1471 1224; x_wconf 86' lang='lat' dir='ltr'>cst:</span> <span class='ocrx_word' id='word_1_412' title='bbox 1491 1183 1554 1223; x_wconf 88' lang='lat' dir='ltr'>nam</span> <span class='ocrx_word' id='word_1_413' title='bbox 1572 1178 1671 1226; x_wconf 70' lang='lat' dir='ltr'>cratera</span> <span class='ocrx_word' id='word_1_414' title='bbox 1686 1171 1808 1243; x_wconf 89' lang='lat' dir='ltr'>corporis</span> <span class='ocrx_word' id='word_1_415' title='bbox 1822 1172 1935 1230; x_wconf 86' lang='lat' dir='ltr'>absunt.</span> 
     </span>
     <span class='ocr_line' id='line_1_73' title="bbox 1434 1260 1627 1334; baseline 0.005 -17"><span class='ocrx_word' id='word_1_416' title='bbox 1434 1260 1479 1317; x_wconf 93' lang='grc'><strong>86.</strong></span> <span class='ocrx_word' id='word_1_417' title='bbox 1501 1261 1627 1334; x_wconf 80' lang='lat' dir='ltr'>Striqilt&#39;a.</span> 
     </span>
    </p>

    <p class='ocr_par' dir='ltr' id='par_1_20' title="bbox 1128 1346 1787 1427">
     <span class='ocr_line' id='line_1_74' title="bbox 1128 1346 1787 1427; baseline 0.011 -24"><span class='ocrx_word' id='word_1_418' title='bbox 1128 1346 1232 1418; x_wconf 87' lang='lat' dir='ltr'>liubea,</span> <span class='ocrx_word' id='word_1_419' title='bbox 1247 1365 1341 1418; x_wconf 79' lang='lat' dir='ltr'>curua,</span> <span class='ocrx_word' id='word_1_420' title='bbox 1354 1365 1448 1423; x_wconf 82' lang='lat' dir='ltr'>capax,</span> <span class='ocrx_word' id='word_1_421' title='bbox 1464 1353 1559 1409; x_wconf 85' lang='lat' dir='ltr'>alienis</span> <span class='ocrx_word' id='word_1_422' title='bbox 1573 1353 1681 1410; x_wconf 81' lang='lat' dir='ltr'>humide</span> <span class='ocrx_word' id='word_1_423' title='bbox 1695 1355 1787 1427; x_wconf 69' lang='lat' dir='ltr'>guttis,</span> 
     </span>
    </p>

    <p class='ocr_par' dir='ltr' id='par_1_21' title="bbox 1129 1440 1715 1515">
     <span class='ocr_line' id='line_1_75' title="bbox 1129 1440 1715 1515; baseline 0.01 -19"><span class='ocrx_word' id='word_1_424' title='bbox 1129 1440 1287 1500; x_wconf 91' lang='lat' dir='ltr'>Luminibus</span> <span class='ocrx_word' id='word_1_425' title='bbox 1300 1441 1376 1500; x_wconf 88' lang='lat' dir='ltr'>lalsis</span> <span class='ocrx_word' id='word_1_426' title='bbox 1389 1445 1446 1501; x_wconf 89' lang='lat' dir='ltr'>auri</span> <span class='ocrx_word' id='word_1_427' title='bbox 1462 1447 1573 1502; x_wconf 90' lang='lat' dir='ltr'>mentita</span> <span class='ocrx_word' id='word_1_428' title='bbox 1586 1447 1715 1515; x_wconf 89' lang='lat' dir='ltr'>colorem,</span> 
     </span>
    </p>

    <p class='ocr_par' dir='ltr' id='par_1_22' title="bbox 1132 1534 1727 1690">
     <span class='ocr_line' id='line_1_76' title="bbox 1132 1534 1727 1605; baseline 0.003 -13"><span class='ocrx_word' id='word_1_429' title='bbox 1132 1534 1223 1592; x_wconf 83' lang='lat' dir='ltr'>bediu</span> <span class='ocrx_word' id='word_1_430' title='bbox 1237 1534 1341 1605; x_wconf 88' lang='lat' dir='ltr'>sudori,</span> <span class='ocrx_word' id='word_1_431' title='bbox 1356 1535 1461 1593; x_wconf 88' lang='lat' dir='ltr'>modico</span> <span class='ocrx_word' id='word_1_432' title='bbox 1472 1539 1619 1595; x_wconf 85' lang='lat' dir='ltr'>succumbo</span> <span class='ocrx_word' id='word_1_433' title='bbox 1630 1537 1727 1595; x_wconf 87' lang='lat' dir='ltr'>labori.</span> 
     </span>
     <span class='ocr_line' id='line_1_77' title="bbox 1428 1627 1726 1690; baseline 0.023 -7"><span class='ocrx_word' id='word_1_434' title='bbox 1428 1627 1473 1684; x_wconf 82' lang='lat'>87.</span> <span class='ocrx_word' id='word_1_435' title='bbox 1496 1628 1632 1686; x_wconf 78' lang='lat' dir='ltr'>Balneum.</span> <span class='ocrx_word' id='word_1_436' title='bbox 1722 1684 1726 1690; x_wconf 84' lang='lat'>.</span> 
     </span>
    </p>
   </div>
   <div class='ocr_carea' id='block_1_14' title="bbox 1089 1714 1687 1794">
    <p class='ocr_par' dir='ltr' id='par_1_23' title="bbox 1089 1714 1687 1794">
     <span class='ocr_line' id='line_1_78' title="bbox 1089 1714 1687 1794; baseline 0 -16"><span class='ocrx_word' id='word_1_437' title='bbox 1089 1714 1115 1778; x_wconf 89' lang='lat' dir='ltr'>B</span> <span class='ocrx_word' id='word_1_438' title='bbox 1129 1717 1181 1774; x_wconf 87' lang='lat' dir='ltr'>Per</span> <span class='ocrx_word' id='word_1_439' title='bbox 1192 1728 1261 1776; x_wconf 90' lang='lat' dir='ltr'>totas</span> <span class='ocrx_word' id='word_1_440' title='bbox 1272 1719 1345 1777; x_wconf 81' lang='lat' dir='ltr'>aedes</span> <span class='ocrx_word' id='word_1_441' title='bbox 1357 1721 1483 1778; x_wconf 81' lang='lat' dir='ltr'>innoxius</span> <span class='ocrx_word' id='word_1_442' title='bbox 1494 1723 1588 1779; x_wconf 89' lang='lat' dir='ltr'>introit</span> <span class='ocrx_word' id='word_1_443' title='bbox 1602 1723 1687 1794; x_wconf 82' lang='lat' dir='ltr'>iqnis:</span> 
     </span>
    </p>
   </div>
   <div class='ocr_carea' id='block_1_15' title="bbox 1130 1809 1953 3835">
    <p class='ocr_par' dir='ltr' id='par_1_24' title="bbox 1130 1809 1953 3835">
     <span class='ocr_line' id='line_1_79' title="bbox 1130 1809 1846 1886; baseline 0.008 -20"><span class='ocrx_word' id='word_1_444' title='bbox 1130 1809 1179 1867; x_wconf 80' lang='lat' dir='ltr'>Est</span> <span class='ocrx_word' id='word_1_445' title='bbox 1192 1810 1267 1867; x_wconf 91' lang='lat' dir='ltr'>calor</span> <span class='ocrx_word' id='word_1_446' title='bbox 1277 1813 1305 1868; x_wconf 90' lang='lat' dir='ltr'>in</span> <span class='ocrx_word' id='word_1_447' title='bbox 1315 1813 1405 1870; x_wconf 88' lang='lat' dir='ltr'>medio</span> <span class='ocrx_word' id='word_1_448' title='bbox 1414 1830 1526 1886; x_wconf 76' lang='lat' dir='ltr'>nungnus</span> <span class='ocrx_word' id='word_1_449' title='bbox 1540 1830 1622 1885; x_wconf 89' lang='lat' dir='ltr'>quem</span> <span class='ocrx_word' id='word_1_450' title='bbox 1638 1830 1719 1872; x_wconf 87' lang='lat' dir='ltr'>nemo</span> <span class='ocrx_word' id='word_1_451' title='bbox 1728 1825 1846 1874; x_wconf 81' lang='grc' dir='ltr'>ιιιιιιιι.</span> 
     </span>
     <span class='ocr_line' id='line_1_80' title="bbox 1130 1901 1870 1983; baseline 0.011 -25"><span class='ocrx_word' id='word_1_452' title='bbox 1130 1901 1189 1959; x_wconf 82' lang='lat' dir='ltr'>lion</span> <span class='ocrx_word' id='word_1_453' title='bbox 1200 1912 1242 1960; x_wconf 90' lang='grc' dir='ltr'>ιιι</span> <span class='ocrx_word' id='word_1_454' title='bbox 1251 1904 1324 1962; x_wconf 89' lang='lat' dir='ltr'>nuda</span> <span class='ocrx_word' id='word_1_455' title='bbox 1335 1903 1444 1973; x_wconf 87' lang='lat' dir='ltr'>domus,</span> <span class='ocrx_word' id='word_1_456' title='bbox 1459 1907 1508 1964; x_wconf 89' lang='lat' dir='ltr'>sed</span> <span class='ocrx_word' id='word_1_457' title='bbox 1523 1907 1611 1964; x_wconf 86' lang='lat' dir='ltr'>nudus</span> <span class='ocrx_word' id='word_1_458' title='bbox 1620 1909 1747 1966; x_wconf 80' lang='lat' dir='ltr'>conuenit</span> <span class='ocrx_word' id='word_1_459' title='bbox 1757 1908 1870 1983; x_wconf 74' lang='lat' dir='ltr'>hospes.</span> 
     </span>
     <span class='ocr_line' id='line_1_81' title="bbox 1441 2000 1625 2059; baseline 0 -2"><span class='ocrx_word' id='word_1_460' title='bbox 1441 2000 1487 2057; x_wconf 89' lang='lat'>88.</span> <span class='ocrx_word' id='word_1_461' title='bbox 1510 2000 1625 2059; x_wconf 76' lang='lat' dir='ltr'>Treuero.</span> 
     </span>
     <span class='ocr_line' id='line_1_82' title="bbox 1133 2090 1776 2166; baseline 0.011 -20"><span class='ocrx_word' id='word_1_462' title='bbox 1133 2090 1226 2147; x_wconf 83' lang='lat' dir='ltr'>Dedita</span> <span class='ocrx_word' id='word_1_463' title='bbox 1240 2106 1299 2148; x_wconf 89' lang='lat' dir='ltr'>sum</span> <span class='ocrx_word' id='word_1_464' title='bbox 1312 2107 1421 2166; x_wconf 86' lang='lat' dir='ltr'>sempor</span> <span class='ocrx_word' id='word_1_465' title='bbox 1434 2106 1508 2166; x_wconf 86' lang='lat' dir='ltr'>voto,</span> <span class='ocrx_word' id='word_1_466' title='bbox 1519 2112 1573 2152; x_wconf 90' lang='lat' dir='ltr'>non</span> <span class='ocrx_word' id='word_1_467' title='bbox 1587 2108 1663 2154; x_wconf 87' lang='lat' dir='ltr'>certa</span> <span class='ocrx_word' id='word_1_468' title='bbox 1677 2097 1776 2156; x_wconf 88' lang='lat' dir='ltr'>loturi:</span> 
     </span>
     <span class='ocr_line' id='line_1_83' title="bbox 1131 2183 1738 2261; baseline 0.01 -20"><span class='ocrx_word' id='word_1_469' title='bbox 1131 2183 1224 2241; x_wconf 81' lang='lat' dir='ltr'>luctor</span> <span class='ocrx_word' id='word_1_470' title='bbox 1237 2185 1265 2241; x_wconf 91' lang='lat' dir='ltr'>in</span> <span class='ocrx_word' id='word_1_471' title='bbox 1279 2186 1410 2257; x_wconf 87' lang='lat' dir='ltr'>ancipites</span> <span class='ocrx_word' id='word_1_472' title='bbox 1423 2188 1496 2244; x_wconf 82' lang='lat' dir='ltr'>varia</span> <span class='ocrx_word' id='word_1_473' title='bbox 1508 2189 1639 2261; x_wconf 72' lang='lat' dir='ltr'>vertigine</span> <span class='ocrx_word' id='word_1_474' title='bbox 1648 2205 1738 2258; x_wconf 91' lang='lat' dir='ltr'>casus,</span> 
     </span>
     <span class='ocr_line' id='line_1_84' title="bbox 1132 2277 1891 2352; baseline 0.007 -17"><span class='ocrx_word' id='word_1_475' title='bbox 1132 2277 1210 2335; x_wconf 83' lang='lat' dir='ltr'>Nunc</span> <span class='ocrx_word' id='word_1_476' title='bbox 1223 2294 1274 2352; x_wconf 79' lang='lat' dir='ltr'>eqo</span> <span class='ocrx_word' id='word_1_477' title='bbox 1288 2288 1385 2337; x_wconf 84' lang='lat' dir='ltr'>moesta</span> <span class='ocrx_word' id='word_1_478' title='bbox 1399 2282 1488 2351; x_wconf 89' lang='lat' dir='ltr'>malis,</span> <span class='ocrx_word' id='word_1_479' title='bbox 1501 2298 1573 2339; x_wconf 87' lang='grc' dir='ltr'>ιιιιιιι</span> <span class='ocrx_word' id='word_1_480' title='bbox 1586 2285 1667 2341; x_wconf 87' lang='lat' dir='ltr'>rebus</span> <span class='ocrx_word' id='word_1_481' title='bbox 1680 2285 1741 2342; x_wconf 88' lang='lat' dir='ltr'>laeta</span> <span class='ocrx_word' id='word_1_482' title='bbox 1751 2284 1891 2343; x_wconf 87' lang='lat' dir='ltr'>secundis.</span> 
     </span>
     <span class='ocr_line' id='line_1_85' title="bbox 1440 2374 1632 2433; baseline 0.005 -1"><span class='ocrx_word' id='word_1_483' title='bbox 1440 2374 1485 2432; x_wconf 83' lang='lat'>89.</span> <span class='ocrx_word' id='word_1_484' title='bbox 1507 2374 1632 2433; x_wconf 77' lang='lat' dir='ltr'>Pecunia.</span> 
     </span>
     <span class='ocr_line' id='line_1_86' title="bbox 1132 2463 1770 2537; baseline 0.008 -17"><span class='ocrx_word' id='word_1_485' title='bbox 1132 2463 1219 2521; x_wconf 82' lang='lat' dir='ltr'>Terra</span> <span class='ocrx_word' id='word_1_486' title='bbox 1230 2465 1266 2522; x_wconf 84' lang='lat' dir='ltr'>lui</span> <span class='ocrx_word' id='word_1_487' title='bbox 1278 2466 1367 2537; x_wconf 88' lang='lat' dir='ltr'>primo</span> <span class='ocrx_word' id='word_1_488' title='bbox 1380 2467 1491 2523; x_wconf 78' lang='lat' dir='ltr'>latebris</span> <span class='ocrx_word' id='word_1_489' title='bbox 1502 2467 1660 2525; x_wconf 88' lang='lat' dir='ltr'>abscondita</span> <span class='ocrx_word' id='word_1_490' title='bbox 1676 2478 1770 2527; x_wconf 71' lang='lat' dir='ltr'>terrae:</span> 
     </span>
     <span class='ocr_line' id='line_1_87' title="bbox 1132 2558 1873 2636; baseline 0.007 -22"><span class='ocrx_word' id='word_1_491' title='bbox 1132 2558 1209 2616; x_wconf 86' lang='lat' dir='ltr'>Nunc</span> <span class='ocrx_word' id='word_1_492' title='bbox 1223 2561 1294 2616; x_wconf 90' lang='lat' dir='ltr'>aliud</span> <span class='ocrx_word' id='word_1_493' title='bbox 1308 2562 1423 2632; x_wconf 87' lang='lat' dir='ltr'>pretium</span> <span class='ocrx_word' id='word_1_494' title='bbox 1435 2560 1551 2618; x_wconf 82' lang='lat' dir='ltr'>iiammae</span> <span class='ocrx_word' id='word_1_495' title='bbox 1566 2579 1719 2636; x_wconf 91' lang='lat' dir='ltr'>nomenque</span> <span class='ocrx_word' id='word_1_496' title='bbox 1729 2563 1873 2621; x_wconf 90' lang='lat' dir='ltr'>dederunt.</span> 
     </span>
     <span class='ocr_line' id='line_1_88' title="bbox 1133 2651 1835 2729; baseline 0.006 -21"><span class='ocrx_word' id='word_1_497' title='bbox 1133 2651 1189 2710; x_wconf 81' lang='lat' dir='ltr'>Nec</span> <span class='ocrx_word' id='word_1_498' title='bbox 1201 2655 1256 2725; x_wconf 81' lang='lat' dir='ltr'>jam</span> <span class='ocrx_word' id='word_1_499' title='bbox 1269 2664 1338 2710; x_wconf 88' lang='lat' dir='ltr'>terra</span> <span class='ocrx_word' id='word_1_500' title='bbox 1352 2671 1443 2720; x_wconf 87' lang='lat' dir='ltr'>vocor,</span> <span class='ocrx_word' id='word_1_501' title='bbox 1456 2656 1519 2712; x_wconf 90' lang='lat' dir='ltr'>licet</span> <span class='ocrx_word' id='word_1_502' title='bbox 1532 2672 1565 2712; x_wconf 85' lang='lat' dir='ltr'>ex</span> <span class='ocrx_word' id='word_1_503' title='bbox 1578 2672 1621 2713; x_wconf 89' lang='lat' dir='ltr'>me</span> <span class='ocrx_word' id='word_1_504' title='bbox 1631 2665 1702 2713; x_wconf 89' lang='lat' dir='ltr'>terra</span> <span class='ocrx_word' id='word_1_505' title='bbox 1716 2668 1835 2729; x_wconf 81' lang='lat' dir='ltr'>paretur.</span> 
     </span>
     <span class='ocr_line' id='line_1_89' title="bbox 1326 2745 1744 2820; baseline 0.007 -19"><span class='ocrx_word' id='word_1_506' title='bbox 1326 2745 1370 2801; x_wconf 85' lang='grc'>98.</span> <span class='ocrx_word' id='word_1_507' title='bbox 1395 2745 1491 2802; x_wconf 83' lang='lat' dir='ltr'>ilnlier</span> <span class='ocrx_word' id='word_1_508' title='bbox 1503 2748 1618 2820; x_wconf 80' lang='lat' dir='ltr'>qentt‘nos</span> <span class='ocrx_word' id='word_1_509' title='bbox 1632 2750 1744 2820; x_wconf 74' lang='lat' dir='ltr'>porion.</span> 
     </span>
     <span class='ocr_line' id='line_1_90' title="bbox 1134 2836 1817 2911; baseline 0.006 -20"><span class='ocrx_word' id='word_1_510' title='bbox 1134 2836 1200 2892; x_wconf 86' lang='lat' dir='ltr'>Plus</span> <span class='ocrx_word' id='word_1_511' title='bbox 1214 2852 1265 2907; x_wconf 78' lang='lat' dir='ltr'>ego</span> <span class='ocrx_word' id='word_1_512' title='bbox 1276 2836 1391 2893; x_wconf 85' lang='lat' dir='ltr'>sustinui</span> <span class='ocrx_word' id='word_1_513' title='bbox 1409 2855 1489 2908; x_wconf 90' lang='lat' dir='ltr'>quam</span> <span class='ocrx_word' id='word_1_514' title='bbox 1505 2853 1604 2911; x_wconf 90' lang='lat' dir='ltr'>corpus</span> <span class='ocrx_word' id='word_1_515' title='bbox 1616 2839 1710 2897; x_wconf 89' lang='lat' dir='ltr'>debuit</span> <span class='ocrx_word' id='word_1_516' title='bbox 1724 2856 1817 2897; x_wconf 89' lang='lat' dir='ltr'>unum.</span> 
     </span>
     <span class='ocr_line' id='line_1_91' title="bbox 1134 2927 1848 3005; baseline 0.004 -17"><span class='ocrx_word' id='word_1_517' title='bbox 1134 2927 1202 2988; x_wconf 79' lang='lat' dir='ltr'>Tres</span> <span class='ocrx_word' id='word_1_518' title='bbox 1216 2933 1320 2987; x_wconf 86' lang='lat' dir='ltr'>animus</span> <span class='ocrx_word' id='word_1_519' title='bbox 1331 2932 1422 2998; x_wconf 89' lang='lat' dir='ltr'>babtti,</span> <span class='ocrx_word' id='word_1_520' title='bbox 1433 2949 1500 3005; x_wconf 91' lang='lat' dir='ltr'>quas</span> <span class='ocrx_word' id='word_1_521' title='bbox 1510 2949 1605 2991; x_wconf 90' lang='lat' dir='ltr'>omncs</span> <span class='ocrx_word' id='word_1_522' title='bbox 1617 2934 1690 2991; x_wconf 87' lang='lat' dir='ltr'>intus</span> <span class='ocrx_word' id='word_1_523' title='bbox 1700 2934 1848 2992; x_wconf 78' lang='lat' dir='ltr'>habebam:</span> 
     </span>
     <span class='ocr_line' id='line_1_92' title="bbox 1137 3023 1796 3098; baseline 0.003 -19"><span class='ocrx_word' id='word_1_524' title='bbox 1137 3023 1292 3081; x_wconf 80' lang='lat' dir='ltr'>Discessere</span> <span class='ocrx_word' id='word_1_525' title='bbox 1306 3024 1377 3092; x_wconf 81' lang='lat' dir='ltr'>duae,</span> <span class='ocrx_word' id='word_1_526' title='bbox 1393 3025 1441 3081; x_wconf 89' lang='lat' dir='ltr'>sod</span> <span class='ocrx_word' id='word_1_527' title='bbox 1455 3025 1534 3082; x_wconf 88' lang='lat' dir='ltr'>tertia</span> <span class='ocrx_word' id='word_1_528' title='bbox 1550 3041 1624 3098; x_wconf 89' lang='lat' dir='ltr'>pene</span> <span class='ocrx_word' id='word_1_529' title='bbox 1637 3036 1730 3083; x_wconf 82' lang='lat' dir='ltr'>secuta</span> <span class='ocrx_word' id='word_1_530' title='bbox 1745 3037 1796 3084; x_wconf 91' lang='lat' dir='ltr'>cst.</span> 
     </span>
     <span class='ocr_line' id='line_1_93' title="bbox 1383 3115 1689 3190; baseline 0.007 -18"><span class='ocrx_word' id='word_1_531' title='bbox 1383 3115 1428 3172; x_wconf 91' lang='grc'>91.</span> <span class='ocrx_word' id='word_1_532' title='bbox 1439 3116 1515 3173; x_wconf 85' lang='lat' dir='ltr'>liiles</span> <span class='ocrx_word' id='word_1_533' title='bbox 1525 3119 1689 3190; x_wconf 78' lang='lat' dir='ltr'>poduqtt&#39;ctcs.</span> 
     </span>
     <span class='ocr_line' id='line_1_94' title="bbox 1136 3209 1802 3281; baseline -0.002 -14"><span class='ocrx_word' id='word_1_534' title='bbox 1136 3210 1305 3281; x_wconf 73' lang='lat' dir='ltr'>Bellipotens</span> <span class='ocrx_word' id='word_1_535' title='bbox 1317 3209 1395 3276; x_wconf 87' lang='lat' dir='ltr'>olim,</span> <span class='ocrx_word' id='word_1_536' title='bbox 1407 3209 1489 3265; x_wconf 80' lang='lat' dir='ltr'>sevis</span> <span class='ocrx_word' id='word_1_537' title='bbox 1504 3209 1665 3266; x_wconf 88' lang='lat' dir='ltr'>metuendus</span> <span class='ocrx_word' id='word_1_538' title='bbox 1676 3210 1703 3265; x_wconf 90' lang='lat' dir='ltr'>iu</span> <span class='ocrx_word' id='word_1_539' title='bbox 1717 3209 1802 3266; x_wconf 88' lang='lat' dir='ltr'>armis</span> 
     </span>
     <span class='ocr_line' id='line_1_95' title="bbox 1136 3300 1895 3374; baseline 0.003 -17"><span class='ocrx_word' id='word_1_540' title='bbox 1136 3302 1260 3374; x_wconf 82' lang='lat' dir='ltr'>Quinque</span> <span class='ocrx_word' id='word_1_541' title='bbox 1270 3302 1352 3372; x_wconf 91' lang='lat' dir='ltr'>pedes</span> <span class='ocrx_word' id='word_1_542' title='bbox 1364 3300 1455 3369; x_wconf 89' lang='lat' dir='ltr'>bubni,</span> <span class='ocrx_word' id='word_1_543' title='bbox 1468 3316 1536 3372; x_wconf 90' lang='lat' dir='ltr'>quos</span> <span class='ocrx_word' id='word_1_544' title='bbox 1550 3316 1666 3373; x_wconf 87' lang='lat' dir='ltr'>unquam</span> <span class='ocrx_word' id='word_1_545' title='bbox 1680 3316 1758 3357; x_wconf 83' lang='lat' dir='ltr'>tremo</span> <span class='ocrx_word' id='word_1_546' title='bbox 1769 3302 1895 3374; x_wconf 66' lang='grc' dir='ltr'>ιιιςιιίις</span> 
     </span>
     <span class='ocr_line' id='line_1_96' title="bbox 1136 3394 1867 3467; baseline -0.004 -14"><span class='ocrx_word' id='word_1_547' title='bbox 1136 3395 1213 3453; x_wconf 82' lang='lat' dir='ltr'>Nunc</span> <span class='ocrx_word' id='word_1_548' title='bbox 1227 3395 1293 3452; x_wconf 89' lang='lat' dir='ltr'>mibi</span> <span class='ocrx_word' id='word_1_549' title='bbox 1305 3395 1348 3451; x_wconf 80' lang='lat' dir='ltr'>vin</span> <span class='ocrx_word' id='word_1_550' title='bbox 1363 3394 1417 3450; x_wconf 92' lang='lat' dir='ltr'>duo</span> <span class='ocrx_word' id='word_1_551' title='bbox 1427 3407 1506 3451; x_wconf 90' lang='lat' dir='ltr'>sunt:</span> <span class='ocrx_word' id='word_1_552' title='bbox 1523 3396 1630 3467; x_wconf 89' lang='lat' dir='ltr'>inopem</span> <span class='ocrx_word' id='word_1_553' title='bbox 1641 3410 1685 3452; x_wconf 86' lang='lat' dir='ltr'>me</span> <span class='ocrx_word' id='word_1_554' title='bbox 1700 3396 1778 3467; x_wconf 85' lang='lat' dir='ltr'>copia</span> <span class='ocrx_word' id='word_1_555' title='bbox 1794 3396 1867 3452; x_wconf 85' lang='lat' dir='ltr'>iecit.</span> 
     </span>
     <span class='ocr_line' id='line_1_97' title="bbox 1333 3485 1740 3543; baseline -0.005 0"><span class='ocrx_word' id='word_1_556' title='bbox 1333 3485 1379 3543; x_wconf 76' lang='grc'><strong>99.</strong></span> <span class='ocrx_word' id='word_1_557' title='bbox 1401 3485 1502 3541; x_wconf 75' lang='lat' dir='ltr'>besens</span> <span class='ocrx_word' id='word_1_558' title='bbox 1515 3485 1607 3541; x_wconf 78' lang='lat' dir='ltr'>ollium</span> <span class='ocrx_word' id='word_1_559' title='bbox 1620 3486 1740 3542; x_wconf 84' lang='lat' dir='ltr'>vendens.</span> 
     </span>
     <span class='ocr_line' id='line_1_98' title="bbox 1136 3576 1889 3651; baseline -0.004 -15"><span class='ocrx_word' id='word_1_560' title='bbox 1136 3577 1317 3651; x_wconf 77' lang='lat' dir='ltr'>Gerutetejam</span> <span class='ocrx_word' id='word_1_561' title='bbox 1327 3577 1368 3636; x_wconf 88' lang='lat' dir='ltr'>las</span> <span class='ocrx_word' id='word_1_562' title='bbox 1382 3587 1434 3646; x_wconf 84' lang='lat' dir='ltr'>est,</span> <span class='ocrx_word' id='word_1_563' title='bbox 1450 3577 1577 3648; x_wconf 78' lang='lat' dir='ltr'>quodvis</span> <span class='ocrx_word' id='word_1_564' title='bbox 1593 3577 1639 3635; x_wconf 93' lang='lat' dir='ltr'>tibi</span> <span class='ocrx_word' id='word_1_565' title='bbox 1655 3578 1767 3635; x_wconf 87' lang='lat' dir='ltr'>eredere</span> <span class='ocrx_word' id='word_1_566' title='bbox 1778 3576 1819 3634; x_wconf 88' lang='lat' dir='ltr'>las</span> <span class='ocrx_word' id='word_1_567' title='bbox 1834 3587 1889 3635; x_wconf 90' lang='lat' dir='ltr'>est.</span> 
     </span>
     <span class='ocr_line' id='line_1_99' title="bbox 1137 3669 1797 3742; baseline 0 -16"><span class='ocrx_word' id='word_1_568' title='bbox 1137 3669 1290 3726; x_wconf 87' lang='lat' dir='ltr'>Unusinest</span> <span class='ocrx_word' id='word_1_569' title='bbox 1301 3670 1405 3738; x_wconf 89' lang='lat' dir='ltr'>oculus,</span> <span class='ocrx_word' id='word_1_570' title='bbox 1420 3671 1537 3742; x_wconf 89' lang='lat' dir='ltr'>capitum</span> <span class='ocrx_word' id='word_1_571' title='bbox 1548 3671 1595 3726; x_wconf 89' lang='lat' dir='ltr'>sed</span> <span class='ocrx_word' id='word_1_572' title='bbox 1606 3670 1688 3726; x_wconf 88' lang='lat' dir='ltr'>millio</span> <span class='ocrx_word' id='word_1_573' title='bbox 1703 3671 1797 3726; x_wconf 88' lang='lat' dir='ltr'>tnulta.</span> 
     </span>
     <span class='ocr_line' id='line_1_100' title="bbox 1137 3760 1953 3835; baseline 0.002 -18"><span class='ocrx_word' id='word_1_574' title='bbox 1137 3761 1269 3833; x_wconf 82' lang='lat' dir='ltr'>Quiquod</span> <span class='ocrx_word' id='word_1_575' title='bbox 1278 3760 1470 3831; x_wconf 80' lang='lat' dir='ltr'>babetrendit,</span> <span class='ocrx_word' id='word_1_576' title='bbox 1482 3764 1553 3834; x_wconf 90' lang='lat' dir='ltr'>quod</span> <span class='ocrx_word' id='word_1_577' title='bbox 1564 3779 1618 3818; x_wconf 90' lang='lat' dir='ltr'>non</span> <span class='ocrx_word' id='word_1_578' title='bbox 1629 3761 1722 3831; x_wconf 86' lang='lat' dir='ltr'>babet,</span> <span class='ocrx_word' id='word_1_579' title='bbox 1737 3763 1809 3820; x_wconf 86' lang='lat' dir='ltr'>unde</span> <span class='ocrx_word' id='word_1_580' title='bbox 1819 3762 1953 3835; x_wconf 75' lang='lat' dir='ltr'>parabili</span> 
     </span>
    </p>
   </div>
   <div class='ocr_carea' id='block_1_16' title="bbox 1138 3868 1875 4974">
    <p class='ocr_par' dir='ltr' id='par_1_25' title="bbox 1138 3868 1875 4974">
     <span class='ocr_line' id='line_1_101' title="bbox 1410 3868 1665 3926; baseline 0 -2"><span class='ocrx_word' id='word_1_581' title='bbox 1410 3868 1456 3925; x_wconf 82' lang='grc'>95.</span> <span class='ocrx_word' id='word_1_582' title='bbox 1477 3868 1665 3926; x_wconf 82' lang='lat' dir='ltr'>Fttnonrlutltts.</span> 
     </span>
     <span class='ocr_line' id='line_1_102' title="bbox 1138 3961 1755 4035; baseline 0.002 -15"><span class='ocrx_word' id='word_1_583' title='bbox 1138 3961 1211 4020; x_wconf 85' lang='lat' dir='ltr'>inter</span> <span class='ocrx_word' id='word_1_584' title='bbox 1220 3963 1361 4020; x_wconf 86' lang='lat' dir='ltr'>lucilerum</span> <span class='ocrx_word' id='word_1_585' title='bbox 1375 3964 1474 4020; x_wconf 81' lang='lat' dir='ltr'>coelum</span> <span class='ocrx_word' id='word_1_586' title='bbox 1487 3963 1624 4035; x_wconf 89' lang='lat' dir='ltr'>terrasque</span> <span class='ocrx_word' id='word_1_587' title='bbox 1633 3965 1755 4035; x_wconf 84' lang='lat' dir='ltr'>jacentes</span> 
     </span>
     <span class='ocr_line' id='line_1_103' title="bbox 1138 4058 1771 4131; baseline -0.003 -15"><span class='ocrx_word' id='word_1_588' title='bbox 1138 4062 1208 4116; x_wconf 76' lang='lat' dir='ltr'>bera</span> <span class='ocrx_word' id='word_1_589' title='bbox 1223 4074 1272 4131; x_wconf 92' lang='lat' dir='ltr'>per</span> <span class='ocrx_word' id='word_1_590' title='bbox 1285 4058 1401 4114; x_wconf 76' lang='lat' dir='ltr'>untedium</span> <span class='ocrx_word' id='word_1_591' title='bbox 1416 4058 1496 4115; x_wconf 90' lang='lat' dir='ltr'>docta</span> <span class='ocrx_word' id='word_1_592' title='bbox 1510 4068 1581 4115; x_wconf 84' lang='lat' dir='ltr'>meat</span> <span class='ocrx_word' id='word_1_593' title='bbox 1595 4069 1654 4116; x_wconf 88' lang='lat' dir='ltr'>arte</span> <span class='ocrx_word' id='word_1_594' title='bbox 1668 4060 1771 4115; x_wconf 86' lang='lat' dir='ltr'>viator:</span> 
     </span>
     <span class='ocr_line' id='line_1_104' title="bbox 1139 4150 1862 4223; baseline -0.004 -14"><span class='ocrx_word' id='word_1_595' title='bbox 1139 4151 1243 4210; x_wconf 87' lang='lat' dir='ltr'>Semita</span> <span class='ocrx_word' id='word_1_596' title='bbox 1254 4151 1302 4208; x_wconf 91' lang='lat' dir='ltr'>scd</span> <span class='ocrx_word' id='word_1_597' title='bbox 1314 4151 1465 4219; x_wconf 84' lang='lat' dir='ltr'>breuisest,</span> <span class='ocrx_word' id='word_1_598' title='bbox 1482 4150 1594 4223; x_wconf 89' lang='lat' dir='ltr'>pedibus</span> <span class='ocrx_word' id='word_1_599' title='bbox 1611 4167 1660 4209; x_wconf 91' lang='lat' dir='ltr'>nec</span> <span class='ocrx_word' id='word_1_600' title='bbox 1671 4152 1772 4209; x_wconf 79' lang='lat' dir='ltr'>suflicit</span> <span class='ocrx_word' id='word_1_601' title='bbox 1787 4152 1862 4223; x_wconf 85' lang='lat' dir='ltr'>ipsis.</span> 
     </span>
     <span class='ocr_line' id='line_1_105' title="bbox 1452 4245 1628 4302; baseline -0.006 0"><span class='ocrx_word' id='word_1_602' title='bbox 1452 4245 1498 4302; x_wconf 85' lang='grc'>91.</span> <span class='ocrx_word' id='word_1_603' title='bbox 1521 4245 1628 4302; x_wconf 79' lang='lat' dir='ltr'>Umbro.</span> 
     </span>
     <span class='ocr_line' id='line_1_106' title="bbox 1139 4341 1738 4407; baseline -0.008 -5"><span class='ocrx_word' id='word_1_604' title='bbox 1139 4343 1252 4402; x_wconf 85' lang='lat' dir='ltr'>iusidias</span> <span class='ocrx_word' id='word_1_605' title='bbox 1266 4343 1353 4400; x_wconf 90' lang='lat' dir='ltr'>nullas</span> <span class='ocrx_word' id='word_1_606' title='bbox 1368 4357 1464 4399; x_wconf 82' lang='lat' dir='ltr'>uereor</span> <span class='ocrx_word' id='word_1_607' title='bbox 1474 4341 1509 4398; x_wconf 89' lang='lat' dir='ltr'>de</span> <span class='ocrx_word' id='word_1_608' title='bbox 1524 4341 1618 4399; x_wconf 80' lang='lat' dir='ltr'>fraude</span> <span class='ocrx_word' id='word_1_609' title='bbox 1632 4342 1738 4407; x_wconf 90' lang='lat' dir='ltr'>latenti,</span> 
     </span>
     <span class='ocr_line' id='line_1_107' title="bbox 1141 4434 1831 4499; baseline -0.01 -3"><span class='ocrx_word' id='word_1_610' title='bbox 1141 4440 1207 4496; x_wconf 86' lang='lat' dir='ltr'>Num</span> <span class='ocrx_word' id='word_1_611' title='bbox 1224 4441 1294 4495; x_wconf 85' lang='lat' dir='ltr'>Deus</span> <span class='ocrx_word' id='word_1_612' title='bbox 1308 4438 1431 4494; x_wconf 89' lang='lat' dir='ltr'>attribuit</span> <span class='ocrx_word' id='word_1_613' title='bbox 1445 4437 1523 4493; x_wconf 90' lang='lat' dir='ltr'>nobis</span> <span class='ocrx_word' id='word_1_614' title='bbox 1533 4438 1592 4494; x_wconf 78' lang='lat' dir='ltr'>lunc</span> <span class='ocrx_word' id='word_1_615' title='bbox 1603 4451 1715 4493; x_wconf 88' lang='lat' dir='ltr'>munera</span> <span class='ocrx_word' id='word_1_616' title='bbox 1725 4434 1831 4499; x_wconf 78' lang='lat' dir='ltr'>lormae,</span> 
     </span>
     <span class='ocr_line' id='line_1_108' title="bbox 1142 4530 1831 4604; baseline -0.013 -12"><span class='ocrx_word' id='word_1_617' title='bbox 1142 4532 1178 4592; x_wconf 84' lang='lat' dir='ltr'>Ut</span> <span class='ocrx_word' id='word_1_618' title='bbox 1189 4547 1269 4591; x_wconf 92' lang='lat' dir='ltr'>nemo</span> <span class='ocrx_word' id='word_1_619' title='bbox 1282 4541 1400 4597; x_wconf 82' lang='lat' dir='ltr'>moveat,</span> <span class='ocrx_word' id='word_1_620' title='bbox 1414 4531 1467 4587; x_wconf 87' lang='lat' dir='ltr'>nisi</span> <span class='ocrx_word' id='word_1_621' title='bbox 1478 4531 1523 4600; x_wconf 88' lang='lat' dir='ltr'>qui</span> <span class='ocrx_word' id='word_1_622' title='bbox 1539 4530 1614 4601; x_wconf 85' lang='lat' dir='ltr'>prius</span> <span class='ocrx_word' id='word_1_623' title='bbox 1626 4530 1683 4604; x_wconf 89' lang='lat' dir='ltr'>ipse</span> <span class='ocrx_word' id='word_1_624' title='bbox 1696 4537 1831 4585; x_wconf 82' lang='lat' dir='ltr'>moretur.</span> 
     </span>
     <span class='ocr_line' id='line_1_109' title="bbox 1463 4620 1614 4679; baseline -0.007 0"><span class='ocrx_word' id='word_1_625' title='bbox 1463 4623 1509 4679; x_wconf 83' lang='grc'>95.</span> <span class='ocrx_word' id='word_1_626' title='bbox 1531 4620 1614 4678; x_wconf 78' lang='lat' dir='ltr'>Erico.</span> 
     </span>
     <span class='ocr_line' id='line_1_110' title="bbox 1143 4712 1858 4790; baseline -0.01 -15"><span class='ocrx_word' id='word_1_627' title='bbox 1143 4718 1223 4790; x_wconf 71' lang='lat' dir='ltr'>Virgo</span> <span class='ocrx_word' id='word_1_628' title='bbox 1238 4718 1359 4775; x_wconf 89' lang='lat' dir='ltr'>modesta</span> <span class='ocrx_word' id='word_1_629' title='bbox 1371 4716 1452 4774; x_wconf 89' lang='lat' dir='ltr'>nimis</span> <span class='ocrx_word' id='word_1_630' title='bbox 1466 4715 1553 4788; x_wconf 76' lang='lat' dir='ltr'>legem</span> <span class='ocrx_word' id='word_1_631' title='bbox 1566 4716 1635 4772; x_wconf 87' lang='lat' dir='ltr'>bene</span> <span class='ocrx_word' id='word_1_632' title='bbox 1645 4729 1727 4771; x_wconf 83' lang='lat' dir='ltr'>servo</span> <span class='ocrx_word' id='word_1_633' title='bbox 1738 4712 1858 4783; x_wconf 84' lang='lat' dir='ltr'>pudoris.</span> 
     </span>
     <span class='ocr_line' id='line_1_111' title="bbox 1140 4808 1875 4885; baseline -0.011 -17"><span class='ocrx_word' id='word_1_634' title='bbox 1140 4813 1194 4869; x_wconf 89' lang='lat' dir='ltr'>0re</span> <span class='ocrx_word' id='word_1_635' title='bbox 1208 4828 1307 4885; x_wconf 75' lang='lat' dir='ltr'>procus</span> <span class='ocrx_word' id='word_1_636' title='bbox 1319 4827 1372 4868; x_wconf 91' lang='lat' dir='ltr'>non</span> <span class='ocrx_word' id='word_1_637' title='bbox 1385 4827 1457 4875; x_wconf 84' lang='lat' dir='ltr'>sunt,</span> <span class='ocrx_word' id='word_1_638' title='bbox 1474 4825 1524 4867; x_wconf 88' lang='lat' dir='ltr'>nec</span> <span class='ocrx_word' id='word_1_639' title='bbox 1533 4825 1593 4867; x_wconf 86' lang='lat' dir='ltr'>snm</span> <span class='ocrx_word' id='word_1_640' title='bbox 1604 4808 1746 4865; x_wconf 79' lang='lat' dir='ltr'>temerario</span> <span class='ocrx_word' id='word_1_641' title='bbox 1762 4809 1875 4879; x_wconf 69' lang='lat' dir='ltr'>linquuag</span> 
     </span>
     <span class='ocr_line' id='line_1_112' title="bbox 1141 4900 1787 4974; baseline -0.009 -14"><span class='ocrx_word' id='word_1_642' title='bbox 1141 4902 1219 4960; x_wconf 85' lang='lat' dir='ltr'>Ultro</span> <span class='ocrx_word' id='word_1_643' title='bbox 1233 4904 1296 4960; x_wconf 90' lang='lat' dir='ltr'>nolo</span> <span class='ocrx_word' id='word_1_644' title='bbox 1307 4902 1391 4974; x_wconf 92' lang='lat' dir='ltr'>loqui,</span> <span class='ocrx_word' id='word_1_645' title='bbox 1405 4902 1452 4959; x_wconf 87' lang='lat' dir='ltr'>sed</span> <span class='ocrx_word' id='word_1_646' title='bbox 1463 4900 1499 4958; x_wconf 90' lang='lat' dir='ltr'>do</span> <span class='ocrx_word' id='word_1_647' title='bbox 1514 4915 1644 4969; x_wconf 85' lang='lat' dir='ltr'>responsu</span> <span class='ocrx_word' id='word_1_648' title='bbox 1657 4900 1787 4973; x_wconf 75' lang='lat' dir='ltr'>loquenti.</span> 
     </span>
    </p>
   </div>
   <div class='ocr_carea' id='block_1_17' title="bbox 1447 5012 1641 5071">
    <p class='ocr_par' dir='ltr' id='par_1_26' title="bbox 1447 5012 1641 5071">
     <span class='ocr_line' id='line_1_113' title="bbox 1447 5012 1641 5071; baseline -0.01 -2"><span class='ocrx_word' id='word_1_649' title='bbox 1447 5012 1492 5069; x_wconf 87' lang='grc'>96.</span> <span class='ocrx_word' id='word_1_650' title='bbox 1517 5012 1641 5071; x_wconf 82' lang='lat' dir='ltr'>Somnus.</span> 
     </span>
    </p>
   </div>
   <div class='ocr_carea' id='block_1_18' title="bbox 1143 5124 1856 5382">
    <p class='ocr_par' dir='ltr' id='par_1_27' title="bbox 1143 5124 1856 5382">
     <span class='ocr_line' id='line_1_114' title="bbox 1143 5124 1791 5198; baseline -0.005 -14"><span class='ocrx_word' id='word_1_651' title='bbox 1143 5126 1246 5198; x_wconf 88' lang='lat' dir='ltr'>Sponte</span> <span class='ocrx_word' id='word_1_652' title='bbox 1260 5135 1320 5183; x_wconf 84' lang='lat' dir='ltr'>mea</span> <span class='ocrx_word' id='word_1_653' title='bbox 1331 5125 1442 5182; x_wconf 86' lang='lat' dir='ltr'>veniens</span> <span class='ocrx_word' id='word_1_654' title='bbox 1452 5127 1541 5182; x_wconf 84' lang='lat' dir='ltr'>uarias</span> <span class='ocrx_word' id='word_1_655' title='bbox 1551 5124 1665 5183; x_wconf 88' lang='lat' dir='ltr'>ostendo</span> <span class='ocrx_word' id='word_1_656' title='bbox 1681 5124 1791 5196; x_wconf 66' lang='lat' dir='ltr'>inuras</span> 
     </span>
     <span class='ocr_line' id='line_1_115' title="bbox 1143 5218 1773 5292; baseline -0.008 -15"><span class='ocrx_word' id='word_1_657' title='bbox 1143 5219 1229 5292; x_wconf 77' lang='lat' dir='ltr'>Ftnqo</span> <span class='ocrx_word' id='word_1_658' title='bbox 1244 5229 1332 5275; x_wconf 90' lang='lat' dir='ltr'>metus</span> <span class='ocrx_word' id='word_1_659' title='bbox 1346 5234 1430 5275; x_wconf 86' lang='lat' dir='ltr'>vanos</span> <span class='ocrx_word' id='word_1_660' title='bbox 1441 5218 1514 5274; x_wconf 95' lang='lat' dir='ltr'>nullo</span> <span class='ocrx_word' id='word_1_661' title='bbox 1527 5218 1683 5275; x_wconf 87' lang='lat' dir='ltr'>discrimine</span> <span class='ocrx_word' id='word_1_662' title='bbox 1696 5231 1773 5273; x_wconf 84' lang='lat' dir='ltr'>tero.</span> 
     </span>
     <span class='ocr_line' id='line_1_116' title="bbox 1143 5306 1856 5382; baseline -0.011 -13"><span class='ocrx_word' id='word_1_663' title='bbox 1143 5311 1197 5369; x_wconf 85' lang='lat' dir='ltr'>Sed</span> <span class='ocrx_word' id='word_1_664' title='bbox 1212 5327 1255 5368; x_wconf 91' lang='lat' dir='ltr'>me</span> <span class='ocrx_word' id='word_1_665' title='bbox 1266 5325 1346 5368; x_wconf 80' lang='lat' dir='ltr'>tremo</span> <span class='ocrx_word' id='word_1_666' title='bbox 1359 5310 1442 5379; x_wconf 85' lang='lat' dir='ltr'>videt,</span> <span class='ocrx_word' id='word_1_667' title='bbox 1455 5309 1506 5365; x_wconf 81' lang='lat' dir='ltr'>uulsi</span> <span class='ocrx_word' id='word_1_668' title='bbox 1519 5310 1622 5382; x_wconf 82' lang='lat' dir='ltr'>quisue</span> <span class='ocrx_word' id='word_1_669' title='bbox 1634 5310 1733 5365; x_wconf 87' lang='lat' dir='ltr'>lumina</span> <span class='ocrx_word' id='word_1_670' title='bbox 1744 5306 1856 5366; x_wconf 86' lang='lat' dir='ltr'>claudit.</span> 
     </span>
    </p>
   </div>
   <div class='ocr_carea' id='block_1_19' title="bbox 1404 5422 1683 5479">
    <p class='ocr_par' dir='ltr' id='par_1_28' title="bbox 1404 5422 1683 5479">
     <span class='ocr_line' id='line_1_117' title="bbox 1404 5422 1683 5479; baseline -0.004 0"><span class='ocrx_word' id='word_1_671' title='bbox 1404 5423 1449 5479; x_wconf 87' lang='grc'>97.</span> <span class='ocrx_word' id='word_1_672' title='bbox 1478 5422 1683 5479; x_wconf 84' lang='lat' dir='ltr'>llonttntcntttm.</span> 
     </span>
    </p>
   </div>
   <div class='ocr_carea' id='block_1_20' title="bbox 1145 5535 1901 5801">
    <p class='ocr_par' dir='ltr' id='par_1_29' title="bbox 1145 5535 1901 5801">
     <span class='ocr_line' id='line_1_118' title="bbox 1146 5535 1901 5609; baseline -0.013 -9"><span class='ocrx_word' id='word_1_673' title='bbox 1146 5539 1248 5600; x_wconf 87' lang='lat' dir='ltr'>Nomen</span> <span class='ocrx_word' id='word_1_674' title='bbox 1264 5539 1366 5596; x_wconf 88' lang='lat' dir='ltr'>babens</span> <span class='ocrx_word' id='word_1_675' title='bbox 1379 5539 1495 5595; x_wconf 75' lang='lat' dir='ltr'>bortrinis</span> <span class='ocrx_word' id='word_1_676' title='bbox 1509 5547 1568 5609; x_wconf 90' lang='lat' dir='ltr'>post</span> <span class='ocrx_word' id='word_1_677' title='bbox 1583 5539 1674 5595; x_wconf 86' lang='lat' dir='ltr'>ultima</span> <span class='ocrx_word' id='word_1_678' title='bbox 1692 5537 1744 5594; x_wconf 81' lang='lat' dir='ltr'>iota</span> <span class='ocrx_word' id='word_1_679' title='bbox 1757 5535 1876 5594; x_wconf 85' lang='lat' dir='ltr'>remansi</span> <span class='ocrx_word' id='word_1_680' title='bbox 1891 5554 1901 5591; x_wconf 72' lang='grc' dir='ltr'>ι</span> 
     </span>
     <span class='ocr_line' id='line_1_119' title="bbox 1145 5628 1823 5706; baseline -0.012 -14"><span class='ocrx_word' id='word_1_681' title='bbox 1145 5634 1248 5692; x_wconf 85' lang='lat' dir='ltr'>Nomen</span> <span class='ocrx_word' id='word_1_682' title='bbox 1259 5634 1339 5690; x_wconf 82' lang='lat' dir='ltr'>inerte</span> <span class='ocrx_word' id='word_1_683' title='bbox 1353 5641 1453 5700; x_wconf 88' lang='lat' dir='ltr'>manet,</span> <span class='ocrx_word' id='word_1_684' title='bbox 1465 5631 1512 5689; x_wconf 88' lang='lat' dir='ltr'>scd</span> <span class='ocrx_word' id='word_1_685' title='bbox 1528 5631 1614 5688; x_wconf 86' lang='lat' dir='ltr'>duleis</span> <span class='ocrx_word' id='word_1_686' title='bbox 1629 5631 1682 5686; x_wconf 84' lang='lat' dir='ltr'>uita</span> <span class='ocrx_word' id='word_1_687' title='bbox 1696 5628 1823 5706; x_wconf 70' lang='lat' dir='ltr'>profugit.</span> 
     </span>
     <span class='ocr_line' id='line_1_120' title="bbox 1146 5723 1837 5801; baseline -0.012 -13"><span class='ocrx_word' id='word_1_688' title='bbox 1146 5728 1207 5790; x_wconf 81' lang='lat' dir='ltr'>tin</span> <span class='ocrx_word' id='word_1_689' title='bbox 1222 5736 1311 5786; x_wconf 87' lang='lat' dir='ltr'>tamen</span> <span class='ocrx_word' id='word_1_690' title='bbox 1326 5736 1451 5801; x_wconf 83' lang='lat' dir='ltr'>superest</span> <span class='ocrx_word' id='word_1_691' title='bbox 1464 5724 1543 5784; x_wconf 90' lang='lat' dir='ltr'>ntorti</span> <span class='ocrx_word' id='word_1_692' title='bbox 1556 5734 1617 5800; x_wconf 89' lang='lat' dir='ltr'>post</span> <span class='ocrx_word' id='word_1_693' title='bbox 1632 5731 1753 5799; x_wconf 75' lang='lat' dir='ltr'>corpora</span> <span class='ocrx_word' id='word_1_694' title='bbox 1764 5723 1837 5780; x_wconf 82' lang='lat' dir='ltr'>vita.</span> 
     </span>
    </p>
   </div>
   <div class='ocr_carea' id='block_1_21' title="bbox 0 0 2102 6180">
    <p class='ocr_par' dir='ltr' id='par_1_30' title="bbox 0 0 2102 6180">
     <span class='ocr_line' id='line_1_121' title="bbox 0 0 2102 6180; baseline 0 0"><span class='ocrx_word' id='word_1_695' title='bbox 0 0 2102 6180; x_wconf 95' lang='lat' dir='ltr'> </span> 
     </span>
    </p>
   </div>
  </div>
 </body>
</html>
