4142 6184
294 284 349 345 955
1020 271 1065 330 LE
1078 267 1234 331 ttDDttltt.
1546 271 1550 278 “
1870 270 1916 329 lbi

297 403 369 462 drini
379 399 504 459 chronicl
519 402 613 455 auctor
626 394 705 453 uobis
719 391 774 450 cito
787 396 923 459 cucumer,
938 388 982 463 qui
996 388 1100 460 scripto
1114 389 1140 449 Λ
1152 386 1226 458 plum
1237 380 1363 454 eogerett
1374 377 1493 437 Diversae
1503 375 1624 450 prolecto
1634 376 1918 438 omremtiumomo·

297 496 357 554 baec
373 493 508 568 prodidit:
525 490 644 549 Galerius
658 485 850 554 Maximianus,
872 482 1015 556 legendum
1034 481 1100 536 Dio·
1153 495 1213 537 rum
1228 493 1260 535 ea
1271 476 1305 534 de
1319 492 1349 533 re
1359 476 1510 549 opiniones.
1520 471 1634 543 Quidam
1648 473 1716 531 enim
1728 489 1772 532 eas
1783 475 1918 536 christiane

297 589 452 659 cletiaous,
467 601 536 658 ogau
547 585 672 639 intereunte
685 578 787 659 ὕδρωπι
800 576 890 652 δεινῷ,
905 574 1016 648 grauiter
1030 572 1103 630 lobo-
1154 570 1279 644 religioni
1288 566 1919 637 nomeureueradedissearbitrantur.0pioionem

297 697 371 747 rona,
386 679 510 746 Solonis:
522 677 620 736 Suidas
632 690 698 733 veru
717 673 751 730 de
770 670 867 730 eodem
890 666 1059 725 Diocletiano
1077 672 1106 722 et
1154 673 1244 721 autem
1269 678 1345 720 suam
1368 660 1483 719 stabiliri
1507 673 1587 732 posse
1609 658 1918 729 existimantbisllosebi,

299 774 463 832 Maximiano
477 771 536 845 ejus
548 783 669 844 genero:
685 766 803 844 (Suidua
821 764 856 819 ud
870 780 895 819 o.
910 758 1105 829 aremarensis)
1155 760 1278 827 tametsi,
1292 757 1332 814 uti
1345 758 1437 829 plnres
1459 755 1595 823 latentur,
1616 753 1808 811 obscurioribus
1827 755 1919 812 uerbis:

297 874 346 929 ital
363 871 377 928 ὁ
393 872 439 945 μιν
453 871 551 946 inpigro
569 868 680 929 ὑπὸτῆς
693 864 836 939 sepelires
849 900 857 929 ,
873 857 887 915 ὅ
906 856 934 916 tl
952 857 1103 930 ἂπθηξατο,
1155 856 1185 910 Τί
1198 852 1240 912 dri
1249 857 1310 931 περὶ
1320 860 1370 908 τῶν
1381 854 1450 908 κατὰ
1463 853 1524 911 τοὺς
1535 849 1681 922 βασιλικοὺς
1700 848 1775 922 Dyrra
1791 845 1872 915 οἶοοος,
1888 852 1922 907 zai

299 964 370 1022 llum
379 965 444 1021 ultor
454 962 557 1031 quidem
569 977 586 1016 u
596 959 694 1018 Senatu
702 955 839 1030 jugulatus
850 951 917 1024 snit:
928 948 994 1005 ulter
1007 961 1066 1002 uero
1077 959 1105 1001 ae
1155 953 1206 1004 τῶν
1219 952 1300 1003 πᾶσιν
1311 944 1457 1022 ἀρχόντων,
1472 941 1559 1004 olente
1571 943 1664 1002 οἰκείοις
1676 939 1843 1018 ricnpiennm
1852 940 1922 1018 iaris?

298 1058 354 1130 ipae
366 1053 547 1127 strangulavit.
562 1050 616 1111 Sed
636 1048 707 1106 urrde
721 1047 779 1104 haec
794 1045 841 1102 ille
855 1039 1027 1106 delibaverit,
1044 1051 1107 1093 cum
1156 1040 1215 1114 θιίῳ
1229 1039 1476 1114 παρῥοσιαζομένοις
1486 1037 1552 1113 λόγῳ
1569 1057 1597 1092 τι
1611 1038 1651 1091 και
1660 1034 1708 1111 βίῳ
1719 1037 1924 1112 unoquemqu-

299 1150 407 1225 penitus
429 1148 525 1215 sileat,
547 1145 621 1202 dicto
642 1157 708 1200 sane
728 1138 916 1196 dilllcillimum
940 1140 992 1191 est.
1010 1128 1108 1188 Utrum
1157 1139 1259 1204 μιταῑς,
1279 1131 1323 1185 και
1345 1131 1433 1197 παισί,
1453 1130 1498 1184 καὶ
1518 1127 1635 1192 οἰκέταις,
1654 1128 1836 1199 μονοοοοχίιαι
1851 1128 1923 1200 ὁμο.

299 1227 390 1301 autem
405 1240 522 1299 (lucilius
538 1246 632 1295 noster
647 1234 759 1308 propius
773 1232 808 1288 ad
825 1243 937 1293 uernum,
959 1237 1041 1298 quam
1063 1219 1109 1278 alii
1159 1227 1261 1300 gestan
1286 1225 1330 1280 int
1351 1231 1384 1299 „j
1408 1220 1546 1297 παῤῥησίᾳ
1567 1228 1614 1282 τῆς
1635 1221 1744 1280 πίστεως
1768 1219 1923 1296 affigam,

299 1335 460 1404 accesserit,
483 1332 600 1390 aliorum
623 1340 682 1387 estu
702 1325 846 1400 iudicium.
870 1321 926 1379 Nos
943 1316 1053 1375 interim
1075 1311 1110 1369 ad
1159 1316 1315 1389 οῢςὶξὸχως
1333 1319 1375 1371 aeci
1387 1314 1482 1388 μᾶλλον
1503 1320 1553 1368 τῶν
1576 1311 1778 1389 commendatus
1796 1310 1925 1375 &rodimur

301 1444 351 1499 ea,
367 1443 428 1502 qum
442 1427 489 1485 ille
502 1425 537 1482 de
551 1425 643 1482 Prisca
657 1420 779 1494 eiusdem
794 1411 955 1475 Diocletiani
967 1422 1066 1475 orrore,
1081 1412 1112 1464 et
1160 1407 1349 1484 maturatius
1361 1406 1402 1463 siu
1415 1407 1611 1477 interpretatur
1623 1402 1762 1460 Valesius:
1778 1422 1787 1456 ι
1803 1402 1863 1472 Quid
1873 1418 1925 1476 opus

301 1521 409 1579 Valeria
423 1518 483 1593 ejus
496 1517 551 1577 illia
566 1505 675 1584 narrat,
691 1508 860 1572 enucleanda
875 1504 1064 1565 transibimus.
1161 1509 1205 1559 est
1215 1500 1308 1558 dicere
1320 1498 1357 1557 de
1370 1499 1419 1567 iis,
1433 1502 1480 1571 qui
1494 1496 1522 1554 io
1533 1495 1729 1569 lmperatorom
1740 1495 1838 1567 palatiis
1851 1511 1926 1552 rena·

1162 1591 1272 1661 baulos,
1283 1590 1348 1660 quid
1364 1589 1399 1646 dc
1412 1588 1626 1660 Imperatoribus
1640 1586 1722 1659 ipstst
1738 1586 1786 1655 Dur
1798 1585 1926 1645 domesticis

562 1740 565 1744 .
608 1693 726 1754 CAPUT
741 1688 791 1750 tx.
1163 1678 1928 1756 suis,eorumqueuroribus,tiberismcseruiseaguereii·

345 1866 386 1925 n
400 1864 555 1924 nuenton
569 1878 649 1923 aaa
664 1862 768 1929 ιιι,
783 1869 807 1917 n
821 1857 946 1932 rosen
963 1853 1079 1913 vunn-
1124 1771 1928 1942 ¹³:tltttultttltlltlttltilllsst

1162 1964 1198 2022 cb
1215 1964 1288 2022 banc
1300 1962 1365 2020 lidei
1380 1978 1437 2020 suas
1450 1961 1605 2018 libertatem
1617 1958 1727 2033 gloriari
1739 1974 1770 2016 ac
1780 1975 1809 2016 se
1820 1968 1930 2017 ostentare

1162 2057 1361 2131 quodammodo
1381 2056 1578 2128 permittentes,
1596 2068 1699 2126 eosque
1711 2069 1765 2125 pre
1777 2055 1872 2110 eetcms
1884 2068 1930 2108 onr-

1100 2193 1112 2234 ,
1163 2152 1243 2209 nibus
1255 2151 1387 2209 ministris
1398 2150 1537 2223 praecipuo
1548 2148 1667 2222 quodam
1677 2148 1930 2219 amorecomplcctca·

1163 2253 1226 2305 tes·
1239 2244 1301 2303 Suis
1312 2253 1403 2301 autem
1417 2243 1444 2299 iu
1460 2241 1743 2300 animadversionibus
1751 2241 1863 2300 Valesius
1871 2241 1932 2300 tart

1162 2338 1374 2410 stoplrursooum
1392 2336 1497 2408 arguit,
1522 2337 1568 2409 qui
1584 2351 1704 2410 graecum
1724 2351 1817 2393 nomen
1834 2343 1932 2410 munde

1163 2431 1198 2488 de
1215 2431 1410 2504 imperatorum
1428 2427 1558 2486 uxoribus
1578 2429 1772 2503 interpretatus
1790 2437 1836 2486 est.
1856 2428 1933 2485 sitre-

339 2531 426 2602 Quam
437 2544 510 2604 sepa
521 2530 557 2589 ab
571 2528 690 2603 antiquis
701 2523 1112 2596 auctoribuslalerlae,Diocle·
1163 2528 1273 2601 quentia
1294 2526 1427 2600 siquitem
1445 2526 1556 2585 Eusebii
1575 2526 1661 2585 verba
1676 2526 1738 2584 truie
1751 2526 1836 2585 sensui
1849 2524 1932 2599 ροοὶιιι

306 2624 459 2691 tisuidum,
476 2632 530 2681 tam
544 2623 785 2696 rarourorisejus
799 2620 901 2679 Priscae
923 2619 1028 2677 mentio
1043 2617 1113 2676 laeta
1165 2635 1319 2694 repugnare
1331 2618 1383 2691 ipsi
1396 2619 1534 2677 ridentur.

305 2725 358 2776 est.
371 2716 602 2789 scimusquidem
617 2714 699 2788 buius
720 2713 894 2786 imperatoris
916 2710 1061 2784 coniugem
1085 2710 1112 2766 io
1200 2714 1255 2773 Sed
1267 2722 1381 2786 utraque
1389 2713 1525 2771 etlalesii
1537 2721 1566 2771 ct
1577 2712 1816 2788 cloristopburscoi
1828 2713 1936 2784 iuterpre-

292 2811 633 2884 ouibusdamuaoctorum
643 2809 871 2878 ActisSereoam
886 2808 913 2864 io
926 2806 1114 2865 aliisdlexan·
1165 2806 1233 2863 tatio
1257 2806 1395 2863 Tainardo
1417 2804 1532 2862 liberior
1553 2806 1611 2863 risa
1627 2815 1681 2873 cst,
1702 2821 1836 2879 grataque
1849 2802 1934 2862 Eusebii

577 2038 727 2085 aaulcttttlb
739 2037 846 2081 raldus.

305 2182 391 2252 Quom
403 2200 465 2241 roro
480 2183 596 2252 Prisce,
609 2194 634 2240 er
648 2184 766 2256 [regnem
785 2181 895 2238 Valerio·
908 2178 980 2253 opud
993 2178 1099 2250 antiquo

340 2291 462 2338 unctores
472 2280 584 2348 mensim·
598 2290 685 2336 utrum
695 2279 777 2335 umboe
786 2275 953 2332 additionum
963 2273 1113 2347 religionem

340 2375 540 2449 prolemsim.

307 2903 385 2960 dram
404 2904 506 2961 vocari.
530 2901 586 2961 Sed
608 2902 667 2960 baec
680 2905 746 2962 dcta
762 2916 813 2959 nec
826 2916 889 2959 uera
901 2900 963 2974 jore
977 2915 1044 2957 sane
1058 2913 1114 2957 me·
1164 2899 1248 2957 uerba
1259 2899 1299 2956 sic
1313 2898 1397 2955 latine
1410 2896 1547 2954 reddendo
1562 2912 1628 2955 esse
1640 2897 1782 2970 opinatur:
1792 2895 1871 2965 «Duil
1882 2907 1935 2967 opos
2002 2883 2003 2888 ’

306 2993 360 3050 rito
373 2994 513 3062 uidentur,
535 3009 587 3051 nec
611 2995 727 3051 sincera.
748 2992 777 3050 ln
797 2994 882 3066 gestis
896 3002 1026 3064 praeterea
1043 3005 1113 3063 pou·
1165 2991 1201 3049 de
1214 2992 1248 3049 iis
1260 2991 1370 3058 dicere,
1385 2990 1431 3063 qui
1442 2991 1468 3047 in
1482 2988 1682 3061 lmperatorum
1696 2988 1899 3054 ernotdonibus,
1916 2993 1937 3044 et

307 3085 462 3156 tiilcalibus,
473 3087 508 3143 ab
517 3086 662 3144 Anastasio
674 3085 764 3154 editis,
777 3085 929 3158 appellatur
944 3082 1113 3151 Eleutheris,
1166 3084 1215 3153 iis,
1237 3082 1284 3156 qui
1307 3083 1434 3143 omnibus
1454 3083 1643 3155 imperabant?
1657 3082 1710 3153 Quoi
1722 3083 1778 3140 suis
1789 3097 1869 3140 eoram
1880 3081 1936 3137 circa
2001 3145 2002 3154 χ

307 3187 335 3235 et
346 3179 375 3236 iu
387 3179 573 3236 uetustissimo
587 3193 681 3236 eornm
697 3177 791 3236 codice
801 3176 962 3234 Leutberes.
973 3175 1043 3232 auid
1054 3174 1149 3257 soloe
1166 3191 1224 3234 rem
1236 3176 1356 3234 diuinam
1378 3185 1406 3233 et
1428 3190 1555 3234 sermone
1570 3183 1598 3232 et
1625 3176 1735 3234 risendi
1755 3177 1852 3233 ratione
1870 3173 1938 3230 libera

307 3271 437 3329 horumce
466 3280 607 3345 gestorum
639 3272 782 3343 scriptoris
816 3269 973 3327 testimonio
1005 3268 1112 3325 nititur.
1165 3285 1227 3329 sese
1245 3285 1342 3343 gerere
1356 3269 1493 3336 sinebant,
1508 3269 1643 3327 osoribus
1656 3269 1799 3337 arithmis,
1816 3263 1937 3326 etiamalio
2001 3329 2002 3346 ἶ

308 3364 401 3423 Prisca
428 3379 511 3437 porro
531 3381 546 3421 a
566 3364 670 3423 Cecilio
692 3375 786 3423 nostro
810 3365 1039 3438 cognominatur:
1064 3360 1114 3420 sed
1165 3363 1511 3437 tantumoon,etgluriari
1527 3379 1611 3436 super
1627 3365 1715 3423 libera
1730 3359 1937 3437 prolessioncidti
2001 3361 2002 3436 i

308 3466 399 3515 utrum
413 3457 511 3531 potiori
519 3457 593 3530 lure,
607 3473 694 3531 eaquae
708 3458 830 3531 pluribus
841 3457 997 3515 nominibus
1007 3470 1113 3513 nuncu·
1165 3460 1363 3532 permittentes,
1375 3473 1443 3531 quos
1454 3458 1563 3526 eximie,
1578 3466 1673 3530 etprae
1684 3460 1876 3516 succursurum
1886 3469 1937 3513 rm·
2001 3451 2002 3542 ᾗ

307 3559 370 3623 pata
384 3550 431 3619 sit,
447 3549 482 3606 ab
494 3549 555 3606 aliis
567 3550 763 3608 eruditioribus
777 3550 892 3607 libenter
904 3549 1059 3607 audiemus.
1165 3553 1253 3610 servis
1274 3560 1402 3623 acceptos
1428 3551 1575 3610 trabebant.
1595 3571 1605 3607 n
1620 3551 1771 3611 Contendit
1783 3560 1864 3609 autem
1875 3562 1938 3606 tom·

342 3644 478 3703 Ceterum
489 3644 674 3710 Diocletianus
685 3660 720 3703 ex
734 3660 819 3703 uxore
831 3660 881 3704 sua
896 3644 980 3701 dliam
993 3642 1115 3715 suscepit
1165 3646 1258 3705 bulum
1267 3646 1576 3720 oierbceibiessemuasi
1584 3647 1831 3720 genoricumquud
1838 3647 1936 3723 papiam

309 3735 463 3807 Valeriam,
486 3752 568 3810 quam
579 3738 608 3795 in
620 3737 836 3804 matrimonium,
852 3746 884 3794 ιιι
897 3736 967 3794 inira
984 3734 1114 3794 ostende·
1165 3739 1274 3808 neniae,
1287 3750 1316 3798 et
1325 3742 1435 3808 οἰκέτας,
1447 3757 1551 3810 recrea,
1568 3741 1708 3800 liberaret
1724 3741 1833 3815 [emulos
1845 3741 1938 3810 impart-

308 3847 385 3903 mus,
400 3833 545 3891 collocarit
556 3833 720 3891 llasimiano
731 3833 859 3900 Galerio,
876 3848 938 3889 cum
952 3831 1041 3903 ipsum
1051 3830 1115 3888 eae·
1166 3842 1255 3891 torum
1269 3834 1468 3907 complectitur.
1483 3834 1551 3892 lude
1562 3834 1646 3907 igitur
1659 3836 1800 3895 concludit
1810 3833 1940 3891 Driectnet

309 3940 411 3995 sarem,
421 3926 582 3999 imperiique
592 3926 633 3982 soi
644 3926 747 3983 socium
759 3925 834 3984 lecit.
846 3925 896 3983 llic
908 3939 975 3982 vero
983 3924 1074 3990 caesis,
1085 3930 1116 3979 ut
1169 3926 1301 3984 Valeriam
1316 3925 1401 3985 luisse
1414 3925 1586 3986 christianas.
1598 3928 1763 3988 Corollrmari
1777 3936 1858 3986 auten
1870 3928 1940 3997 potest

309 4019 407 4078 scribit
421 4019 547 4076 Aurelius
560 4018 653 4076 Victor
667 4018 769 4091 (Aurei.
788 4016 856 4074 Vict.
871 4016 1014 4075 decursor.
1030 4016 1075 4072 abi
1083 4016 1116 4073 de
1167 4018 1225 4076 lraec
1239 4020 1430 4092 interpretatio
1449 4022 1610 4080 auctoritate
1624 4023 1733 4092 liuilni,
1753 4037 1836 4095 greca
1848 4020 1886 4076 illa
1895 4016 1938 4073 Eu·

310 4110 452 4186 dracena),
469 4110 634 4168 immunibus
647 4109 742 4184 sylvis,
758 4124 790 4167 ac
802 4109 940 4179 Peltooae,
955 4109 1027 4180 apud
1042 4110 1115 4167 Pan·
1166 4112 1235 4170 sebii
1248 4112 1331 4171 rerba
1343 4113 1384 4170 sic
1394 4113 1479 4172 latine
1490 4115 1669 4185 explicantis:
1680 4136 1691 4171 ι
1701 4114 1834 4189 aliquanti
1845 4127 1873 4170 er
1884 4106 1940 4182 pria·

309 4205 484 4263 noniuslucu
498 4205 526 4262 in
539 4204 691 4262 Danubium
713 4202 853 4271 immisso,
882 4202 1049 4275 provinciam
1064 4217 1116 4260 no·
1166 4206 1273 4280 cipibus
1296 4207 1445 4277 Romanis,
1468 4209 1650 4282 conjugibus,
1672 4224 1706 4267 ae
1728 4207 1866 4274 ministris,
1879 4211 1941 4273 etqua

310 4302 384 4357 mine
398 4298 495 4356 uxoris
508 4314 565 4357 auae
578 4297 714 4355 Valeriam
729 4298 817 4354 ruluit
829 4307 997 4368 nuncupare.
1011 4294 1116 4353 Sulira·
1166 4302 1303 4357 uniuersae
1317 4299 1409 4357 domul
1422 4316 1498 4371 suaa,
1522 4316 1577 4358 noo
1594 4303 1685 4359 solum
1706 4301 1818 4360 credere
1831 4299 1855 4356 iu
1868 4291 1942 4354 uod·

308 4397 389 4464 gutur
401 4390 464 4447 lruic
474 4391 596 4463 opinioni
611 4389 772 4446 Ammianus
784 4388 957 4447 llarceliinus
970 4388 1114 4461 (Ammiun.
1166 4409 1231 4450 num
1245 4402 1368 4451 nostrum
1381 4393 1474 4451 iesum
1489 4393 1645 4464 Christum,
1670 4412 1765 4454 rerum
1779 4403 1806 4452 et
1817 4407 1871 4451 cum
1886 4383 1942 4445 omui

312 4484 447 4554 dinoscit,
458 4483 504 4542 lib.
516 4500 574 4550 xrs,
590 4501 649 4557 cop.
664 4484 721 4558 ll),
735 4484 779 4557 qui
795 4483 892 4542 litteris
906 4482 1045 4539 mandarit
1055 4497 1115 4540 earu
1167 4488 1265 4546 ttducia
1279 4503 1311 4546 ac
1323 4486 1450 4547 libertate
1464 4489 1492 4546 in
1506 4489 1561 4548 ilde
1575 4505 1658 4563 agere
1672 4490 1806 4549 sinebant
1822 4506 1832 4542 a
1850 4481 1943 4558 (ilem,

311 4576 478 4648 prouinciam
491 4576 532 4632 sic
546 4576 632 4633 inisse
645 4577 864 4648 cognominatam
879 4577 905 4633 in
920 4574 1036 4633 Valeriae
1051 4577 1115 4635 Diu·
1128 4582 1157 4647 D
1169 4581 1217 4639 lib.
1231 4597 1290 4650 arra,
1306 4597 1365 4653 cup.
1379 4579 1418 4654 l.)

312 4669 422 4727 ctetiani
435 4668 498 4725 illim
510 4669 654 4727 bonorem.
673 4669 771 4726 Exstat
789 4670 1117 4744 purroiugaeopbylaeio
1203 4673 1241 4734 Αι
1256 4674 1381 4746 cuperus
1394 4681 1471 4746 putat
1491 4671 1535 4730 lris
1553 4673 1666 4733 Eusebii
1689 4673 1805 4733 verbis:
1826 4669 1866 4728 iri
1882 4669 1945 4725 stro

311 4763 388 4836 regio
398 4760 470 4819 istud
480 4776 514 4818 ex
528 4777 582 4820 are
592 4762 705 4819 meandi
715 4761 816 4818 moduli
828 4762 974 4830 numisma,
988 4765 1061 4835 quod
1071 4778 1119 4821 ac-
1168 4767 1302 4847 ipgioso,
1315 4780 1370 4822 non
1381 4764 1571 4838 imperatores,
1585 4768 1756 4840 auteos,pui
1765 4763 1944 4831 omnitusprs·

312 4863 421 4928 ceptum
436 4853 580 4913 referimus
590 4854 778 4912 amantissimo
789 4855 875 4912 sodali
886 4858 1118 4915 nostrodoselmo
1170 4857 1234 4918 lecti
1246 4867 1320 4925 sunt,
1337 4859 1486 4933 designari,
1500 4861 1549 4917 sed
1562 4864 1708 4932 praelectus
1718 4858 1850 4933 pretorio,
1864 4851 1901 4911 rel
1910 4861 1946 4922 pt·

313 4949 469 5018 Boudoriu,
488 4950 534 5022 qui
558 4949 625 5007 illud
649 4949 757 5023 aliaque
771 4948 847 5021 plura
860 4963 915 5006 uon
931 4949 990 5007 siue
1005 4949 1118 5009 eruditis
1169 4951 1223 5009 tius
1236 4952 1379 5025 praelectus
1393 4952 1523 5022 cubiculi,
1545 4953 1669 5025 aliosque
1682 4951 1795 5020 similes,
1808 4948 1850 5021 oui
1860 4940 1945 5004 cetatit

312 5042 548 5100 obseruationibus
573 5041 710 5114 publicam
725 5042 752 5099 io
771 5043 860 5100 lucem
879 5041 955 5100 brari
967 5043 1117 5102 emissurus
1168 5047 1295 5104 omnibns
1308 5047 1335 5105 io
1351 5047 1452 5119 palatio
1463 5047 1632 5105 romanibus
1644 5056 1791 5120 praeerant.
1812 5042 1872 5100 itan
1883 5033 1945 5113 pado

314 5144 368 5195 est.
1169 5139 1477 5211 posuEuseutusaperte
1489 5128 1945 5211 sigottmtuuumextistutsebr

350 5229 416 5287 ὓιιιιι
425 5230 542 5302 primum
553 5239 645 5288 sotem
656 5230 839 5289 Diocletianus
848 5229 876 5288 in
886 5229 1057 5289 Christianos
1068 5231 1119 5288 im·
1169 5231 1305 5302 rotbeum,
1317 5234 1432 5293 alterum
1443 5232 1697 5308 reroGorgonium,
1711 5233 1758 5307 qui
1773 5225 1944 5289 domestiaitd

313 5326 399 5395 mani,
414 5324 805 5395 sicotiuidimus,crudelitate
819 5326 917 5383 sevire
932 5328 1015 5396 coeptt
1030 5344 1038 5381 ε
1054 5324 1117 5382 Pri·
1170 5323 1303 5381 uxoribus
1325 5326 1383 5383 suis
1409 5326 1590 5398 permiserant
1610 5323 1787 5382 christianam
1811 5317 1944 5391 reiciam!

314 5435 382 5476 naum
390 5420 514 5483 omnium,
528 5418 567 5474 ait
576 5416 693 5475 cecilius
700 5416 768 5491 (Ceo.
780 5435 803 5474 c.
813 5416 871 5491 id),
880 5419 961 5486 pilium
976 5417 1116 5487 inimicos,
1169 5415 1255 5474 libere
1268 5416 1402 5490 profiteri.

314 5516 498 5587 cunjupsmgse
511 5510 628 5568 Priscum
641 5512 770 5580 sacrificiu
779 5510 862 5582 pollui
875 5511 967 5584 coegit.
982 5511 1036 5567 Cor
1052 5526 1117 5585 ergo
1204 5509 1258 5567 Sed
1272 5508 1404 5566 Eusebius
1414 5508 1451 5566 ibi
1463 5509 1499 5568 de
1510 5508 1555 5567 illa
1570 5507 1757 5566 tautummodo
1772 5518 1847 5579 agere
1861 5497 1943 5556 ridel!

314 5619 362 5664 aas
378 5605 458 5679 coegit
473 5603 570 5661 addiis
583 5600 810 5661 sacridcanduml
824 5601 867 5659 du
885 5602 947 5674 guia
962 5601 1118 5663 christiane
1169 5599 1253 5659 libera
1268 5600 1408 5672 facultate,
1424 5617 1505 5675 quam
1519 5603 1711 5676 imperatores,
1727 5614 1780 5656 oon
1790 5590 1941 5654 reroaiitt·

315 5705 404 5766 erant,
412 5705 496 5756 outot
504 5696 722 5771 illus,gentiiium
730 5696 970 5767 superstitionibus
982 5699 1115 5769 addictas,
1169 5709 1229 5752 rum
1256 5696 1377 5768 preteeti
1401 5694 1563 5754 Christianis
1593 5701 1786 5754 concesserant
1810 5688 1939 5759 retincat·

317 5790 534 5864 supramodum
541 5791 603 5853 eliis
610 5790 669 5851 inec
676 5788 760 5865 lunpia
766 5788 899 5852 medicis
906 5790 1120 5855 iaciendisrem·
1169 5805 1247 5850 suam
1260 5791 1369 5864 pub'ica
1378 5789 1687 5867 palamqueerureeudi.
1704 5789 1838 5849 tramea
1849 5779 1874 5840 iti
1884 5785 1937 5852 il't

1996 5141 1998 5208 l
