4142 6184
189 310 243 369 915
563 308 719 369 dissultu.
739 309 773 369 ln·
787 309 853 370 LlB.
873 308 920 369 ult
938 308 1113 370 sublibus
1130 309 1322 371 censuerit.
1348 313 1425 371 CbP.
1447 313 1516 376 llll.
1794 317 1849 376 tlt

189 442 244 502 quo
258 425 369 498 onmem
394 426 503 484 nurnine
515 426 565 483 isa
588 426 690 484 cecilio
715 436 809 485 nostro
824 422 921 500 (decit.
932 443 991 498 cup.
1006 428 1033 491 Α
1047 426 1149 485 sianum
1159 426 1193 485 ad
1217 427 1350 486 tollendos
1375 428 1538 487 christianos
1547 430 1680 491 acerrime
1692 431 1847 503 excitabat,

191 519 227 579 111
239 520 249 591 )
266 528 388 586 uocatur,
402 517 448 590 qui
461 518 634 589 inspiciendis
646 534 774 590 pecorum
787 518 857 576 estis
868 526 993 591 preerat.
1048 521 1096 578 sed
1116 536 1170 578 non
1186 530 1240 578 tant
1255 519 1334 580 facile
1344 522 1419 579 derit
1431 522 1505 581 illius
1514 524 1645 580 atrimunt.
1660 524 1727 581 Nam
1740 524 1847 584 Diocle·

188 611 296 685 bTage
309 612 450 668 enimuero
463 610 626 681 aruspicium
641 622 670 668 ut
688 610 715 669 in
734 610 786 667 alis
805 610 995 667 dissertatione
1048 611 1137 670 tianns
1147 612 1261 670 consilio
1272 629 1334 670 cum
1345 613 1441 671 eodem
1456 615 1569 681 solonuc
1583 616 1691 675 Galerio
1702 631 1753 688 per
1761 626 1846 675 tutam

190 704 449 770 animadvertimus,
476 703 616 761 inventore
637 718 699 761 cum
711 703 863 760 derivatum
884 701 921 759 sit
942 700 995 759 boc
1046 703 1172 779 byemem
1195 706 1304 775 babitu,
1320 715 1434 763 conatus
1459 715 1503 764 est
1525 708 1668 780 deflectere,
1683 708 1720 766 ita
1740 709 1769 766 in
1788 725 1847 768 ma·

189 814 301 865 nornen,
317 811 352 854 eo
363 796 491 870 magister
500 795 653 868 tropicum
668 803 761 867 postea
776 793 927 866 appellatus
940 800 992 849 est.
1046 800 1185 871 nuscripto
1196 797 1304 865 codice,
1328 799 1469 873 precipuis
1481 801 1559 871 liujus
1579 801 1691 857 bominis
1703 802 1844 859 insoniunt.

190 889 268 963 Quod
279 898 371 947 autem
382 888 417 945 tie
428 887 583 946 demonum
596 887 706 944 silentio
723 883 993 957 responsuma'lagn
1045 888 1118 947 Satis
1138 892 1278 949 enimuero
1298 890 1345 949 illo
1367 908 1427 950 esse
1450 893 1542 950 aiebat
1564 893 1717 961 Palatinos,
1733 896 1759 952 id
1783 906 1844 967 est,

187 998 236 1041 seu
251 983 405 1054 aruspicum
418 981 546 1054 magistro
556 978 673 1038 cecilius
683 987 788 1046 nostor,
800 977 864 1036 illud
875 979 992 1035 bactan-
1044 999 1110 1050 eos,
1135 987 1173 1043 uti
1189 986 1271 1057 paulo
1290 996 1353 1043 autc
1375 986 1477 1044 dictum
1496 997 1549 1058 cst,
1565 991 1611 1061 qui
1639 991 1664 1046 in
1685 991 1846 1063 palatiode-

187 1077 239 1133 tius
250 1076 261 1151 (
272 1075 403 1143 lacrum,
417 1074 463 1131 111.
476 1089 502 1131 ιι
514 1073 599 1143 lust,
609 1090 633 1129 r.
643 1074 698 1148 27)
709 1089 763 1130 nou
780 1074 815 1130 ab
829 1088 862 1131 eo
875 1082 990 1141 tantum,
1042 1080 1157 1150 gebunt,
1172 1090 1198 1137 et
1223 1080 1323 1137 milites
1342 1082 1516 1138 acbristiana
1541 1082 1670 1156 religione
1693 1085 1843 1157 prohiberi.

186 1169 234 1227 sed
255 1169 290 1226 als
311 1168 482 1237 aruspicibus
503 1166 595 1223 datum
625 1182 686 1224 cssc
700 1167 835 1241 perbibet.
863 1166 991 1223 Nonnulli
1043 1168 1175 1239 Quoniam
1195 1181 1284 1228 autem
1300 1171 1425 1230 Galerius
1437 1188 1500 1230 eum
1510 1174 1638 1245 urgebat,
1654 1177 1681 1232 in
1694 1178 1842 1247 consiliunt,

185 1277 251 1322 sero
273 1262 398 1319 arbitrati
422 1269 486 1318 sunt
505 1259 576 1317 banc
598 1261 656 1319 sire
680 1263 774 1331 unius,
795 1262 853 1318 siue
873 1260 989 1334 plurium
1041 1260 1130 1335 inquit
1147 1262 1283 1330 cecilius,
1309 1262 1417 1320 udrrrissr'
1428 1273 1487 1320 sunt
1496 1263 1600 1338 judices
1614 1267 1706 1337 pauci,
1722 1277 1747 1322 et
1765 1270 1842 1340 posci

185 1356 338 1429 aruspicum
361 1355 566 1427 responsionem
586 1355 672 1426 ipsam
696 1369 772 1425 esse,
799 1371 851 1428 qna
870 1353 988 1427 apollo,
1041 1356 1181 1420 militaret,
1198 1356 1243 1427 qui
1256 1366 1351 1412 contra
1362 1355 1524 1414 christianos
1535 1359 1697 1414 sententiam
1710 1359 1840 1416 tulerunt.

184 1457 215 1509 ut
232 1457 325 1507 narrat
346 1447 481 1506 Eusebius
495 1445 611 1520 (liutei.
627 1447 671 1504 lib.
691 1463 710 1505 ιι
732 1448 765 1505 tle
782 1446 842 1504 l'itu
855 1445 988 1505 Gomtunt.
1040 1450 1077 1505 bt
1097 1463 1147 1504 cur
1165 1448 1213 1515 ibi,
1236 1448 1357 1521 inquies,
1372 1448 1449 1519 pauci
1460 1447 1602 1519 dicuntur,
1622 1450 1841 1522 quandoquidem

183 1557 242 1614 rap.
255 1539 314 1616 511).
329 1556 385 1598 uon
395 1555 430 1598 es
441 1539 560 1598 bominis
574 1554 632 1609 ore,
649 1539 698 1598 sed
711 1554 744 1598 es
759 1540 904 1598 tenebroso
918 1554 987 1612 quo·
1040 1541 1164 1612 prosime
1175 1538 1293 1597 Cecilius
1305 1539 1412 1599 dixerat
1431 1541 1541 1600 solitum
1557 1556 1618 1599 essa
1644 1543 1840 1603 Diocletianum

183 1634 245 1692 dam
266 1648 349 1706 specu
372 1633 474 1691 dixisse
487 1632 625 1690 lerebatur
645 1647 676 1691 se
695 1646 712 1689 a
728 1634 810 1704 lustls
831 1631 987 1690 bominibus
1039 1633 1133 1689 urulros
1145 1632 1227 1690 simili
1241 1634 1269 1689 in
1283 1647 1364 1690 causa
1384 1634 1417 1690 ad
1432 1635 1574 1692 consilium
1587 1649 1686 1694 vocare
1700 1637 1712 1692 t
1724 1636 1841 1706 Quidam

183 1726 347 1802 praepediri,
367 1728 513 1800 quominus
525 1726 634 1785 oracula
648 1742 711 1785 vcra
728 1726 874 1799 prolerret.
890 1726 946 1785 Sed
959 1727 986 1785 in
1038 1723 1128 1797 itaque
1143 1739 1193 1796 pro
1207 1726 1301 1783 multos
1312 1724 1454 1799 legendum
1470 1735 1565 1799 putant
1575 1728 1658 1796 ullos,
1677 1729 1725 1786 sed
1744 1739 1841 1786 contra

181 1821 292 1880 dubium
307 1821 398 1880 uocari
420 1829 509 1892 potest
522 1829 611 1878 utrum
630 1836 683 1877 una
703 1829 732 1879 ot
744 1820 840 1877 cadem
854 1821 903 1890 sit,
924 1835 985 1892 quae
998 1836 1023 1898 B
1036 1830 1158 1893 apertam
1174 1820 1350 1891 manuscripti
1363 1819 1464 1878 codicis
1479 1820 1708 1878 reclamationem.
1722 1824 1755 1878 lit
1771 1822 1840 1880 nibil

180 1930 195 1971 a
215 1915 316 1973 cecilio
329 1924 358 1972 ct
375 1912 495 1972 Eusebio
519 1922 645 1970 narratur
668 1912 791 1970 bistoria.
812 1911 896 1969 Nobis
918 1928 985 1970 vero
1036 1913 1064 1968 in
1080 1920 1158 1969 testu
1173 1910 1348 1979 mutandum,
1369 1911 1521 1983 bonamque
1535 1926 1596 1969 esse
1610 1912 1682 1969 illius
1692 1913 1838 1972 lectionem

181 2008 251 2067 baud
263 2024 336 2082 agre
347 2007 554 2082 persuadebitur
567 2006 641 2063 illam
665 2019 727 2063 esse
745 2004 893 2077 duplicem.
915 2003 983 2063 llam
1036 2002 1099 2060 inde
1119 2003 1216 2060 conllci
1237 2012 1347 2076 potest,
1362 2003 1434 2075 quod
1447 2004 1526 2076 pauci
1540 2018 1572 2062 ex
1587 2019 1658 2074 uno,
1674 2013 1702 2062 et
1715 2006 1792 2078 pauci
1802 2019 1837 2063 ex

179 2102 341 2162 Ceciliustlc
358 2103 492 2177 Apollinis
509 2116 642 2175 responsu
656 2114 811 2157 sermonem
827 2107 922 2173 postea
942 2097 983 2156 ia·
1034 2095 1088 2152 alio
1101 2093 1313 2167 ordincjutlices
1326 2096 1457 2169 assumpti
1468 2095 1568 2152 inultos
1589 2094 1719 2153 elliciant.
1736 2095 1837 2155 Faten-

178 2194 368 2265 ceraridetur,
381 2196 421 2253 uti
442 2209 506 2252 mou
528 2192 694 2251 ridebimus.
1034 2186 1098 2244 dum
1113 2199 1203 2244 tamen
1218 2197 1261 2245 est
1273 2185 1406 2245 cecilium
1428 2187 1502 2259 loqui
1521 2187 1556 2244 de
1570 2204 1601 2245 rc
1614 2188 1760 2262 singulari,
1775 2205 1836 2261 quat

213 2287 349 2348 Caeterum
376 2297 431 2345 tam
463 2287 610 2357 Eusebius,
626 2300 708 2358 quarn
732 2283 849 2341 cecilius
872 2296 982 2341 assere·
1032 2289 1138 2337 secreta
1153 2280 1325 2348 adiecerat,
1340 2294 1391 2338 uec
1405 2290 1462 2336 tum
1477 2280 1694 2353 patiebaturtam
1707 2295 1835 2354 magnum

177 2394 239 2442 rant
252 2383 319 2441 illud
333 2382 487 2449 silentium,
500 2378 572 2453 quod
587 2377 728 2435 cltristiani
748 2374 917 2433 demonibus
928 2374 981 2431 im·
1032 2372 1198 2429 arbitrorum
1219 2387 1361 2430 numerum
1375 2373 1402 2429 iu
1415 2371 1558 2429 consilium
1572 2372 1689 2432 admitti.

179 2483 341 2549 posuerant,
371 2488 463 2531 reram
487 2472 570 2529 luisse
592 2483 702 2527 causam
722 2483 772 2524 cur
792 2466 979 2525 Diocletianus
1068 2464 1153 2520 Porro
1176 2474 1266 2521 autern
1292 2464 1476 2521 Diocletianus
1500 2463 1619 2522 nondum
1644 2466 1671 2522 in
1691 2464 1793 2524 Galerii
1807 2475 1836 2525 et

179 2569 206 2628 in
221 2568 284 2627 illos
296 2567 387 2626 lurerc
410 2575 438 2624 et
452 2563 579 2622 bsccbari
590 2562 714 2635 coeperit.
729 2560 877 2618 Enimvero
890 2560 979 2615 rtrtr'nr
1028 2557 1149 2630 judicum
1167 2557 1202 2615 de
1217 2556 1374 2630 torquendis
1387 2556 1542 2615 christianis
1563 2559 1699 2615 sententia
1719 2560 1834 2631 acquic·

176 2662 391 2737 sungtn'nalentu,
412 2658 501 2733 inquit
525 2657 679 2724 Eusebius,
700 2656 785 2711 edictu
805 2653 933 2722 urentis,
950 2662 979 2709 ιι
1029 2648 1078 2705 rit.
1093 2650 1253 2721 Aruspicem
1267 2650 1368 2707 etenim
1385 2650 1459 2707 misit
1476 2649 1511 2707 ad
1523 2650 1674 2722 Apollinem
1687 2650 1832 2723 llilesium,

176 2759 212 2815 ita
226 2757 357 2823 eliserint,
379 2754 544 2812 nturrouibus
556 2751 682 2824 scripsit,
707 2749 978 2828 bmrbpprrruidlpus
1030 2748 1077 2820 gui
1091 2749 1234 2822 respoudit,
1250 2757 1279 2804 ut
1291 2748 1403 2816 diriore,
1429 2748 1516 2819 inquit
1539 2747 1676 2816 cecilius,
1700 2751 1833 2824 religionis

176 2853 327 2929 μιαιφόνοις,
339 2854 374 2914 ὡς
388 2853 478 2919 rirrrb,
490 2851 603 2912 ἁκωιιιῖς
619 2847 758 2904 mairam
779 2842 898 2917 (Burri.
913 2841 976 2899 ibid.
1028 2839 1158 2896 iuimicus.
1174 2840 1264 2913 Atque
1286 2839 1345 2898 buc
1361 2840 1426 2909 ille,
1453 2854 1504 2897 nee
1515 2841 1592 2913 plura
1607 2841 1641 2899 de
1664 2843 1712 2899 illo
1726 2844 1831 2915 Apolli-

175 2964 232 3020 sup.
245 2946 302 3019 st).
313 2945 452 3003 iudicibus
466 2954 554 3000 autern
569 2942 698 3014 precepit
712 2946 743 2996 ut
754 2939 788 2996 ad
798 2937 977 3011 excogitanda
1028 2933 1072 2989 nis
1084 2947 1227 3004 responsu.
1240 2937 1275 2989 Αι
1286 2933 1358 3003 ride,
1370 2947 1472 3007 queso,
1484 2933 1590 2991 auillud
1603 2936 1649 3003 sit,
1662 2936 1743 3008 paulo
1752 2946 1831 2995 antea

175 3041 314 3097 acerbiora
333 3037 527 3110 suppliciorum
541 3048 639 3106 genera
654 3034 774 3089 animum
793 3029 976 3090 intenderent.
1027 3040 1043 3081 ι
1059 3024 1137 3083 uobis
1149 3039 1183 3081 et
1206 3024 1324 3083 Eusebio
1336 3025 1526 3098 transcriptum
1553 3025 1671 3099 (littei-
1695 3028 1741 3083 lib.
1756 3044 1785 3084 ιι.
1798 3031 1831 3087 tls

174 3130 293 3189 emilius
308 3128 412 3205 (deut,
423 3146 447 3186 c.
465 3125 510 3202 ld)
524 3129 616 3201 itaque
627 3127 666 3183 ιιι
684 3125 760 3182 illum
776 3125 814 3182 ira
830 3124 975 3191 tumtunm,
1026 3118 1078 3173 aits
1096 3117 1241 3185 constant,
1257 3134 1316 3189 car·
1337 3117 1394 3191 tu)
1408 3133 1461 3191 quo
1481 3119 1578 3192 Apollo
1601 3119 1685 3176 edixit
1704 3134 1753 3177 sua
1767 3134 1831 3178 ora-

171 3227 285 3299 iassisse
306 3225 441 3297 primum,
461 3232 491 3280 ut
508 3220 609 3278 milites
627 3228 656 3278 et
668 3231 763 3276 omncs
774 3217 821 3290 qui
836 3218 863 3274 in
875 3215 976 3289 palatio
989 3221 1013 3288 c
1027 3203 1133 3261 0111111)
1146 3201 1541 3276 ¹¹⁰¹¹ll¹¹¹h⁰⁸i⁰⁸¹3³iffll¹⁰dllb

172 3328 260 3387 erant,
276 3317 310 3375 ad
322 3315 449 3382 nefanda,
466 3315 536 3372 datis
556 3327 617 3371 eam
631 3312 659 3367 io
674 3326 733 3369 rem
745 3309 857 3378 litteris,
870 3307 974 3366 sacrifl-
1061 3298 1193 3359 Omnibus
1205 3314 1287 3372 porro
1298 3300 1482 3369 lrisconsiliis,
1500 3307 1529 3356 et
1549 3299 1683 3372 Apollinis
1693 3315 1828 3373 responso

172 3411 217 3469 cia
234 3417 406 3483 cogerentur.
432 3407 469 3465 Et
481 3415 558 3464 certe
575 3402 710 3462 Eusebius
723 3402 734 3473 (
746 3400 841 3459 lissei.
856 3401 903 3458 111.
925 3416 974 3458 vni
1023 3391 1208 3449 Diocletianus
1233 3391 1361 3449 reluctari
1386 3389 1504 3464 amplius
1524 3406 1580 3449 non
1613 3394 1709 3464 potuit.
1732 3395 1826 3466 ltaque

170 3504 263 3561 pm
277 3502 377 3560 gupa,
388 3502 472 3574 ,apg
485 3496 818 3573 pgfflgppgmcugonem
828 3494 974 3566 impinge
1023 3484 1147 3556 permisit
1170 3485 1332 3542 christianos
1344 3485 1486 3553 dirorum
1507 3486 1543 3542 ita
1559 3494 1651 3543 tamen
1676 3497 1705 3543 ut
1724 3489 1827 3545 nullius

172 3595 387 3663 mmmm,
412 3593 458 3668 qut
481 3592 643 3650 mmmm,
679 3590 780 3648 ugrum
806 3588 843 3645 snt
870 3587 973 3646 Auctor
1023 3577 1134 3648 sanguis
1145 3577 1312 3635 tunderetur.
1333 3576 1435 3635 Contra
1448 3592 1515 3637 sero
1525 3576 1651 3635 Galerius
1662 3579 1769 3637 uolebat
1778 3595 1827 3639 cos

167 3697 263 3748 noster
273 3689 427 3760 signiticare
440 3687 531 3757 potius
543 3683 650 3741 ridetur
670 3682 735 3740 illud
747 3681 831 3738 luisse
844 3694 972 3753 persecu·
1022 3684 1119 3727 mullet
1131 3671 1208 3728 ιίιοι
1221 3671 1348 3728 cremati·

168 3780 252 3841 tionis
264 3782 406 3838 numurus
427 3777 597 3852 preludium.
621 3776 704 3835 adun
723 3777 824 3848 quippe
847 3774 899 3832 lroc
913 3774 972 3846 qui·

166 3878 232 3934 dean
248 3883 328 3942 tunc,
343 3873 392 3930 scd
413 3871 482 3930 nibil
506 3871 624 3945 amplius
642 3878 737 3926 contra
753 3867 800 3926 Dei
811 3866 971 3940 religionem

164 3985 182 4027 a
205 3966 373 4025 Diocletiano
387 3964 497 4023 lactum.
517 3963 544 4021 ln
559 3961 713 4020 Eusebiano
728 3970 818 4017 autem
834 3956 969 4016 Chronico

165 4061 178 4135 1
198 4059 297 4117 lissei.
322 4057 419 4116 Clrron.
442 4059 487 4113 ad.
512 4074 576 4113 ortu.
604 4054 682 4128 502)
710 4054 768 4110 lucc
794 4061 968 4108 annotantur.
1243 4041 1275 4080 ⁰0
1289 4027 1407 4098 90⁸2le
1427 4025 1594 4085 11101111ιί1·

166 4151 333 4218 «Veturius,
347 4151 474 4223 magister
485 4149 599 4214 militie,
610 4147 774 4204 christianos
794 4144 894 4200 milites
909 4159 970 4215 per-
1058 4138 1240 4198 Diocletianus
1261 4150 1387 4198 octauum
1403 4140 1502 4211 (cecil.
1517 4160 1577 4215 cup.
1605 4142 1659 4216 tt)
1685 4152 1713 4200 ct
1739 4143 1826 4199 ilasi-

162 4245 300 4315 sequitur,
316 4242 444 4314 paulatim
458 4257 491 4297 ea
506 4241 555 4297 illu
567 4240 623 4310 jnm
645 4248 766 4309 tempore
781 4237 970 4307 persecutione
1019 4234 1127 4291 mianus
1143 4233 1288 4293 llerculius
1309 4236 1452 4307 septimum
1478 4238 1609 4308 gerebant
1636 4233 1823 4307 consulatum,

161 4338 298 4414 aduersus
321 4353 370 4394 ons
395 4335 581 4409 incipientes
608 4334 693 4391 Porro
717 4340 809 4387 autem
829 4328 969 4387 unsdeci·
1019 4326 1128 4400 quando
1147 4326 1312 4384 christianos
1331 4336 1359 4384 ct
1384 4328 1560 4385 christianam
1585 4328 1760 4401 religionem,
1776 4345 1825 4401 pe-

160 4431 217 4488 lius
230 4430 359 4486 admonet
378 4428 404 4484 id
430 4427 577 4499 contigisse
598 4425 732 4497 aliquanto
747 4432 877 4494 tempore,
891 4430 969 4479 ante·
1019 4422 1093 4477 uitus
1107 4421 1165 4476 tolli
1176 4419 1353 4492 funditusque
1370 4421 1455 4479 everti
1474 4420 1510 4477 ab
1533 4419 1629 4478 eodem
1654 4422 1824 4480 Diocletiano

160 4540 246 4599 quam
262 4521 443 4580 Diocletianus
454 4520 481 4576 in
494 4517 650 4592 Ditlrgniam
661 4516 817 4588 hyematum
836 4515 966 4571 uenisset.
1018 4513 1158 4570 decretum
1172 4523 1223 4569 est.
1241 4511 1381 4570 Decimum
1395 4521 1485 4571 autern
1500 4523 1529 4571 et
1541 4527 1641 4570 nonum
1658 4514 1824 4586 imperitius

159 4615 317 4689 Atquidum
340 4621 434 4684 putant
451 4612 511 4669 buc
533 4619 594 4667 acta
609 4622 755 4665 esseanno
774 4605 1123 4678 398,quatuorDannum
1149 4605 1266 4678 ipsemet
1291 4604 1475 4664 Diocletianus
1500 4615 1564 4665 tunc
1587 4607 1693 4679 agebat.
1719 4607 1824 4667 Auctor

159 4710 292 4768 videlicet
306 4708 384 4765 arsuris
398 4705 552 4779 priusquam
566 4701 701 4776 generalis
726 4699 879 4772 persecutio
896 4713 970 4756 anno
1022 4698 1157 4772 siquidem
1182 4708 1275 4757 noster
1301 4699 1393 4773 (llio.
1416 4718 1475 4774 erp.
1495 4699 1550 4773 l'l)
1569 4712 1662 4772 postca
1690 4700 1822 4773 tradidit,

159 4803 235 4869 302,
260 4811 290 4859 ut
304 4810 412 4859 stotatur
438 4799 466 4857 in
490 4797 600 4856 Eusebii
614 4793 764 4859 Chronico,
792 4794 909 4863 inempta
921 4792 966 4849 sit.
1021 4791 1101 4849 sicuti
1116 4791 1278 4862 ridebimus,
1303 4792 1378 4850 illum
1401 4793 1516 4850 Romam
1538 4795 1710 4866 perrexisse,
1725 4794 1823 4852 utillln

158 4897 218 4957 Sed
231 4911 358 4953 ueremur
372 4910 406 4950 ne
420 4893 491 4949 baruc
503 4889 712 4962 explicationem
728 4887 782 4958 pati
798 4884 969 4956 nonpossint
1020 4884 1056 4941 12
1080 4883 1210 4943 kalendas
1235 4885 1387 4943 decembris
1411 4886 1592 4944 vicennalium
1612 4900 1723 4943 suorum
1748 4887 1822 4943 diem

157 4996 245 5053 citata
258 4991 352 5050 cecilii
371 4989 472 5054 rerba,
493 4996 574 5061 atque
587 4987 649 5044 ideo
662 4984 780 5041 maxime
799 4980 872 5054 quod
885 4982 964 5040 dise·
1018 4980 1180 5037 celebraret.
1205 4980 1274 5037 'lum
1294 4981 1469 5038 continenter
1482 4980 1583 5052 adjecit
1594 4981 1683 5052 ipsum
1703 4996 1738 5039 ex
1753 4982 1822 5039 urbe

157 5087 200 5147 rit
219 5085 416 5143 Diocletianum
439 5084 473 5140 ub
495 5081 542 5138 illo
557 5089 679 5149 tempore
701 5093 736 5135 es
757 5090 862 5134 summa
878 5073 964 5132 lelici·
1018 5071 1190 5143 prorupisse,
1213 5072 1432 5141 impendentibus
1451 5072 1575 5130 kalendis
1587 5075 1738 5146 lautumiis,
1758 5077 1822 5149 qui-

156 5190 219 5239 tuta
238 5178 381 5244 cecidisse,
402 5191 457 5250 quo
470 5172 632 5232 christianos
644 5184 745 5228 return
759 5173 965 5242 aggressusest.
1017 5163 1069 5222 bus
1087 5164 1114 5221 ei
1139 5177 1228 5220 nonus
1252 5162 1408 5220 consulatus
1428 5164 1610 5222 deferebatur.
1640 5166 1723 5239 Atqui
1748 5181 1822 5226 annu

157 5274 231 5332 Nam
251 5272 294 5330 bis
308 5272 354 5330 ille
373 5269 464 5327 serbis
477 5264 631 5341 signiticare
647 5262 756 5320 uidetur
775 5270 839 5318 tune
855 5259 966 5333 deposi-
1017 5256 1074 5315 att
1092 5255 1154 5324 die,
1182 5256 1222 5313 uti
1245 5254 1423 5327 peritioribus
1446 5256 1549 5314 criticis
1565 5255 1689 5325 ridetur,
1714 5258 1822 5319 decim

157 5375 218 5423 um
243 5379 259 5421 a
286 5361 452 5422 Diocletiano
472 5358 644 5431 imperatoris
670 5353 847 5429 dignitatem,
874 5352 914 5409 uti
932 5361 966 5410 ex
1018 5351 1135 5422 septima
1152 5347 1315 5421 septembris
1334 5357 1442 5406 creatus
1464 5357 1508 5406 est
1525 5348 1684 5422 imperator.
1698 5350 1822 5422 begoni.

1328 3830 1479 3875 stercutus
1492 3830 1533 3873 ιιι.

1023 3927 1081 3997 Quo
1090 3944 1170 4001 anon,
1183 3944 1269 3987 mense
1278 3939 1301 3986 rt
1311 3929 1534 3988 dieDiurletisuus
1546 3930 1701 3990 cbristiunor
1709 3941 1827 4001 torquere

156 5471 259 5534 postea
282 5454 405 5515 dicendis
418 5450 589 5511 manilestius
599 5449 712 5524 patebit.
1018 5443 1137 5501 cesimus
1150 5441 1257 5515 imperil
1268 5439 1341 5499 illius
1352 5455 1441 5498 mnus
1456 5439 1551 5499 incidit
1566 5439 1595 5498 iu
1607 5456 1709 5498 annum
1718 5438 1823 5499 Christi

196 5554 303 5614 belim
310 5547 542 5624 narrstldecil.,c.
552 5546 599 5616 11)
611 5536 967 5610 Diocletianumelapsoali·
1020 5537 1084 5607 obt,
1097 5551 1151 5610 quo
1173 5536 1219 5595 illc
1232 5550 1335 5593 nonum
1352 5533 1524 5593 consulatum
1540 5535 1671 5608 suscepit.
1688 5533 1822 5594 maren

152 5633 818 5725 quantntentpore,Nicomediamquccllitbyniae
826 5631 965 5701 urbserat,
1022 5630 1114 5703 imque
1124 5630 1294 5689 consulatum
1307 5637 1446 5688 etnouum
1455 5629 1591 5688 decimum
1600 5629 1707 5704 imperii
1718 5643 1823 5688 annum

153 5742 284 5811 senisse,
300 5752 354 5814 quo
365 5734 489 5795 Galerius
501 5732 628 5792 accurrit.
641 5730 682 5789 lbi
694 5742 760 5787 reru
776 5725 820 5783 bic
837 5723 968 5798 supersti-
1021 5725 1105 5797 cepis
1128 5740 1211 5797 agera
1233 5722 1420 5785 annuGbristi
1442 5723 1508 5796 513,
1532 5739 1587 5798 quo
1611 5736 1756 5797 aggressus
1778 5731 1823 5783 est

155 5837 244 5897 tlosae
257 5832 351 5897 matris
360 5844 418 5893 sue
427 5827 545 5904 querelis
556 5824 719 5893 stimulatus,
733 5815 969 5886 concentibus·
1020 5815 1186 5880 christianos
1201 5818 1287 5879 dirius
1304 5818 1462 5880 excmclare
1476 5826 1557 5892 atque
1574 5816 1713 5877 insectari.
