4142 6184
191 281 257 340 tett
636 285 715 345 Cdl'.
735 287 769 346 lt.
789 289 922 349 tudun.
943 292 988 350 be
1006 293 1124 354 ventu.
1145 298 1224 357 uel.
1243 298 1380 362 euulsa.
1770 310 1843 369 1011

187 398 260 455 libro
279 398 361 455 acrba
387 399 450 467 illa,
468 400 502 456 Et
520 404 645 476 persecuti
665 412 724 459 auat
727 443 784 463 .....
799 405 827 461 in
842 408 1024 473 bumilitateA
1039 419 1103 468 tant.
1119 413 1164 469 tit.
1185 429 1220 471 ιι.
1236 431 1296 489 cup.
1312 418 1388 491 xva),
1410 432 1464 490 qua
1476 419 1600 478 cbristus
1617 422 1687 480 ultro
1700 433 1727 480 ct
1742 436 1840 496 sponte

186 507 284 563 111911
313 490 391 556 (¹15⁶-
416 491 508 549 Pilli-
531 511 589 567 clv·
615 510 664 551 vu.
690 496 734 553 te.
755 506 780 552 et
801 498 905 570 aeqq.);
927 515 988 571 quar
1041 507 1158 563 animam
1172 508 1333 579 exhalabat,
1356 511 1403 569 lux
1420 514 1487 571 solis
1499 515 1615 583 deiecit,
1634 526 1664 574 et
1682 518 1773 575 omnia
1799 528 1840 578 te·

186 584 244 640 sola
273 583 307 640 ad
333 583 466 641 Lactantii
490 589 657 658 propositum
681 589 801 659 iaciunt,
823 592 914 664 legere
934 602 986 649 cst.
1039 596 1132 654 nebris
1147 612 1194 669 per
1210 610 1265 657 tres
1278 600 1359 658 buras
1378 604 1541 661 circumfusa
1556 605 1674 663 luerunt.
1687 610 1768 680 etqui
1780 609 1840 669 lucc

188 677 256 749 Quid
271 693 354 745 vero,
370 679 441 748 quod
461 680 488 735 iu
503 690 617 753 utroque
636 683 683 739 illo
697 683 767 741 libro
778 700 838 756 quac
853 685 987 744 babentes
1040 685 1138 744 citatus
1152 690 1242 747 abillo
1257 694 1388 765 propbeta
1405 695 1447 751 bis
1458 697 1547 753 verbis
1561 699 1837 770 praesignificaverat:

187 773 269 830 verba
283 788 338 830 nott
351 772 507 830 Salomonis
519 785 592 843 suut,
606 777 653 831 seul
672 776 719 833 llei
738 778 772 833 ad
794 777 986 835 Salomonem?
1038 778 1074 834 lit
1087 781 1133 835 erit
1145 782 1172 836 in
1186 782 1232 838 illo
1245 784 1300 852 dic,
1318 783 1379 840 dicit
1390 785 1531 853 Doctrinae,
1546 790 1642 846 ocddct
1659 794 1698 847 sal
1720 795 1838 865 arcadis,

185 870 283 928 Notene
305 870 395 941 itaque
408 870 552 927 dicendum
567 872 619 927 erit
633 884 678 927 aaut
692 873 859 944 antiquarios
883 882 985 929 textum
1038 883 1061 926 et
1080 873 1283 930 obtenebrabitur
1305 875 1360 933 dica
1381 878 1462 946 lucia,
1485 891 1508 935 ct
1528 892 1673 938 convertam
1686 884 1740 939 dieu
1758 889 1837 957 [estas

185 962 509 1022 Lactantiidescribeudo
522 979 640 1031 errasse,
656 972 701 1020 aut
715 965 860 1038 ipsummet
870 965 986 1021 lactan·
1036 975 1133 1022 vestros
1152 968 1180 1022 in
1200 969 1314 1036 luctum,
1330 979 1354 1024 et
1376 974 1475 1027 ruratica
1495 985 1576 1030 uestra
1590 976 1617 1030 iu
1630 976 1838 1035 lauraeatationcrn

185 1055 253 1111 tium
268 1055 395 1111 memoria
409 1055 532 1126 lapsum,
547 1056 598 1112 uisi
611 1056 670 1114 baec
684 1071 718 1112 ex
731 1056 823 1128 aliquo
841 1056 985 1114 bibliorum
1036 1057 1138 1128 (Antros,
1158 1075 1217 1130 cap.
1238 1076 1295 1117 vttu.
1324 1063 1341 1119 9
1355 1071 1378 1117 et
1394 1063 1449 1134 10).
1475 1066 1550 1123 llauc
1565 1069 1768 1139 praedictionem
1788 1088 1837 1129 eo-

183 1147 317 1212 codicc,a
333 1147 432 1202 nastris
446 1147 566 1214 diverso,
581 1149 751 1218 excerpsisse
764 1147 914 1219 probetur?
1036 1151 1097 1208 deur
1114 1152 1317 1225 modoprotulit
1328 1154 1480 1228 cyprianus
1496 1159 1588 1232 (liupr.
1598 1163 1644 1218 lib.
1654 1179 1683 1219 ιι.
1694 1164 1753 1220 arla.
1769 1165 1837 1221 lud.

221 1240 259 1296 At
279 1249 356 1298 certe
375 1240 425 1299 etsi
448 1240 604 1297 Lactantius
626 1240 765 1313 (buerant.
790 1241 836 1297 lib.
859 1257 895 1298 ru.
912 1241 982 1298 last.
1036 1243 1125 1318 515),
1147 1248 1199 1303 uisi
1215 1248 1288 1319 quod
1303 1260 1365 1305 autc
1380 1252 1492 1321 cantica,
1508 1252 1626 1321 addidit,
1640 1258 1737 1311 onmia.
1752 1256 1836 1316 Paulo

184 1349 244 1407 cup.
259 1325 469 1407 xvurulquaetlam
477 1333 750 1391 retulissetsaerisex
762 1331 852 1392 bibliis
862 1336 984 1394 testimo-
1013 1341 1126 1396 'tamcu
1141 1341 1221 1397 aliter
1244 1341 1383 1400 lreuaeus:
1401 1362 1411 1397 r
1427 1344 1456 1400 lu
1473 1344 1518 1401 die
1532 1345 1596 1415 illa,
1612 1348 1678 1404 dicit
1689 1351 1836 1421 Dominus,

184 1429 249 1497 uia,
273 1444 333 1502 quae
354 1430 406 1501 ipsi
426 1427 629 1496 tantummodo,
646 1429 756 1485 minime
777 1445 843 1485 vero
866 1429 928 1486 aliis
948 1430 983 1489 de
1034 1433 1141 1489 occidet
1149 1434 1191 1490 sol
1204 1434 1328 1502 meridie,
1340 1446 1367 1492 et
1377 1447 1456 1493 erunt
1470 1440 1590 1495 erebra
1600 1456 1683 1512 super
1694 1452 1793 1499 terrant
1806 1445 1835 1501 iu

183 1519 295 1577 Christo
314 1520 384 1578 dicta
404 1521 579 1588 siderearum
603 1529 707 1578 certum
730 1520 908 1580 nibilominus
921 1537 983 1580 csse
1033 1525 1079 1582 die
1091 1527 1159 1582 lueis
1163 1568 1220 1583 .....
1243 1537 1270 1584 et
1285 1529 1410 1585 uniuersa
1424 1532 1528 1587 cantica
1542 1541 1632 1588 vestra
1655 1535 1681 1588 in
1704 1534 1837 1591 lamenta·

183 1612 265 1671 debet
284 1614 378 1672 abillo
392 1615 443 1670 alia
457 1615 566 1683 allecti,
587 1631 648 1688 quae
662 1614 696 1674 de
710 1615 818 1674 Cbristo
830 1632 895 1675 vere
912 1632 982 1689 pra-
1034 1620 1146 1677 tionem:
1165 1621 1233 1676 llum
1246 1636 1371 1677 oceasum
1387 1621 1464 1687 solis,
1480 1624 1525 1694 qui
1539 1623 1669 1680 crucifixo
1682 1641 1715 1680 eo
1738 1625 1788 1682 luit
1802 1627 1836 1683 ab

184 1709 304 1766 nuntiata
316 1710 400 1766 luisse
410 1724 491 1765 neruo
504 1709 631 1766 cordatus
646 1710 728 1768 homo
742 1712 839 1782 poterit
853 1726 980 1783 uunquam
1034 1711 1102 1768 bora
1111 1721 1205 1779 sexta,
1221 1713 1365 1769 marrilcste
1378 1715 1605 1770 annuntiaverunt
1617 1735 1626 1768 ι
1640 1716 1723 1789 (iren.
1737 1717 1781 1773 lib.
1797 1733 1834 1773 ιι.

183 1817 294 1875 negare.
310 1802 375 1858 llam
394 1812 494 1875 praeter
505 1803 560 1874 jam
573 1814 739 1870 memorata,
755 1805 808 1861 tale
824 1808 916 1877 procul
931 1807 982 1863 du.
996 1811 1019 1873 n
1032 1804 1092 1858 ada.
1110 1804 1201 1859 tuerer.
1219 1821 1277 1874 cap.
1297 1804 1364 1878 ιιι).
1379 1804 1562 1861 Tertullianus
1575 1805 1696 1879 (Tertull.
1711 1809 1757 1864 lib.
1771 1809 1832 1864 ada.

183 1896 229 1952 bio
249 1895 314 1951 illud
340 1906 398 1962 est,
420 1894 491 1967 quod
510 1897 585 1966 ipse,
614 1895 778 1968 cyprianum
799 1909 925 1966 secutus,
947 1915 981 1956 ex
1033 1896 1097 1953 laad.
1114 1915 1171 1970 cup.
1195 1897 1349 1969 alquoque
1369 1898 1439 1955 lraue
1459 1900 1678 1956 vaticinationem
1702 1901 1833 1959 adversus

181 1987 320 2044 Zacharias
335 1987 406 2044 libro
423 1989 450 2043 iu
470 1988 588 2045 medium
607 1988 718 2044 adduxit
733 2007 739 2043 :
761 2007 771 2042 ι
789 1989 946 2058 Zaclturias,
967 2011 977 2046 ι
1032 1987 1153 2055 ludaeos,
1165 2003 1244 2060 qurum
1258 1988 1409 2045 decbristo
1420 1991 1603 2062 accipiendam
1616 2005 1676 2047 esse
1687 1993 1834 2063 negabant,

181 2079 283 2150 inqrtit,
300 2095 310 2130 ι
327 2078 407 2133 etiam
422 2078 480 2135 luae
504 2078 630 2135 tradidit:
648 2078 680 2134 Et
698 2080 864 2136 intuebuntur
881 2081 907 2136 iu
920 2098 978 2150 ure,
1031 2082 1072 2137 sic
1087 2091 1174 2153 urget.
1193 2099 1203 2134 ι
1221 2081 1287 2137 Nam
1303 2081 1376 2153 quod
1392 2083 1418 2138 in
1433 2082 1560 2155 passione
1581 2084 1640 2154 ejas
1662 2084 1781 2152 accidit,
1804 2094 1834 2142 ut

181 2187 258 2243 quens
281 2168 450 2243 (Cyprianus
466 2170 600 2242 (cyprian.
617 2170 661 2226 lib.
684 2187 712 2227 u.
727 2172 787 2228 arla.
803 2171 867 2229 lud.
884 2172 979 2247 1111),
1031 2171 1121 2228 media
1137 2172 1194 2228 dics
1209 2173 1421 2236 tenebresceret,
1436 2174 1519 2232 limos
1532 2177 1663 2246 propbeta
1678 2178 1832 2246 annuntiat,

180 2264 209 2318 a'n
222 2261 314 2335 quern)
340 2264 524 2332 transfixerunt
549 2263 673 2334 (letabor.
694 2282 753 2340 cap.
777 2281 822 2322 ιιι.
841 2266 898 2338 to).
914 2266 980 2335 Quis
1031 2263 1145 2320 diceus:
1161 2282 1170 2315 ι
1185 2264 1220 2321 Et
1232 2263 1434 2332 critindiellla,
1448 2266 1513 2322 dicit
1524 2267 1663 2335 llomious,
1675 2269 1779 2326 occidet
1790 2270 1833 2325 sol

179 2356 323 2413 enimuero
335 2355 439 2413 iullcias
462 2358 540 2414 iverit
554 2357 611 2414 buc
632 2359 667 2415 tle
679 2358 787 2417 cbristo
802 2374 863 2418 esse
877 2361 978 2417 iutelli-
1031 2358 1120 2415 media
1132 2358 1188 2427 die,
1202 2369 1230 2414 et
1244 2359 1415 2416 tenebrescet
1426 2373 1508 2432 super
1524 2369 1622 2416 terram
1638 2361 1696 2416 dics
1709 2361 1831 2433 luminis,

178 2448 285 2519 penda,
304 2459 445 2519 postquam
469 2449 587 2506 loannes
610 2451 779 2522 Evangelista
801 2452 979 2511 disertissime
1029 2462 1059 2509 et
1070 2460 1226 2509 convertam
1248 2451 1308 2508 dies
1320 2461 1426 2510 vestros
1444 2453 1472 2507 iu
1489 2456 1606 2521 luctum,
1621 2464 1648 2509 et
1662 2455 1753 2510 arania
1766 2470 1832 2511 cart-

179 2540 326 2597 alllrmavit
353 2541 469 2617 (lacurn.
494 2560 552 2617 cup.
584 2560 648 2601 xvrr.
677 2545 750 2617 at),
775 2544 883 2602 Cbrlsto
917 2562 978 2602 mo·
1029 2543 1187 2599 ticavestra
1211 2543 1238 2598 iu
1259 2543 1713 2612 lamentationevauamubrcm
1737 2547 1830 2602 alioin

177 2635 277 2704 rieule,
292 2633 429 2705 impletam
443 2650 503 2692 esse
516 2636 695 2708 scripturam,
709 2653 769 2710 quse
782 2637 888 2694 dixerat
904 2656 911 2693 ι
931 2637 977 2693 l’i-
1029 2635 1101 2692 libro
1114 2636 1242 2707 scripsit:
1254 2654 1265 2688 e
1281 2635 1432 2708 Deliquium
1444 2639 1537 2707 utique
1551 2645 1725 2708 putaverunt,
1742 2638 1789 2709 qui
1803 2639 1831 2695 id

177 2727 273 2784 debunt
296 2728 323 2782 iu
346 2745 420 2799 quern
446 2730 649 2800 transfixerunt?
670 2731 758 2786 bivini
784 2739 874 2788 autern
897 2731 978 2802 hujus
1029 2744 1138 2800 quoque
1160 2743 1241 2800 super
1254 2727 1363 2785 Clvristo
1377 2727 1551 2800 praedicatura
1566 2746 1619 2786 uon
1633 2730 1780 2786 sciverunt.
1796 2731 1832 2788 Et

176 2821 320 2891 scriptoris
334 2821 516 2877 testimonium
532 2832 611 2878 tautae
622 2832 663 2880 est
674 2823 853 2893 auctoritatis,
869 2833 898 2882 ut
910 2825 978 2881 alios
1029 2827 1119 2876 nmen
1135 2834 1196 2875 eum
1209 2819 1301 2875 mundi
1312 2834 1405 2876 casum
1419 2821 1533 2877 relatum
1549 2822 1577 2877 iu
1597 2820 1716 2878 archivis
1730 2825 1829 2880 vestris

175 2914 975 2987 praelereacitaresupervacaueumvideatur.Siquistameu
1030 2911 1159 2969 luabctisr
1185 2910 1272 2987 (ltere
1291 2913 1400 2985 Apolaq.
1419 2930 1477 2986 cup.
1500 2911 1568 2985 xxv).
1585 2913 1703 2987 lienique
1726 2916 1829 2986 exjam

175 3006 374 3081 Hieronymum
388 3007 511 3080 (llicrou.
526 3011 604 3066 iacit.
621 3009 703 3070 Zaeb.
720 3010 782 3084 loc.)
799 3010 886 3068 adbuc
901 3010 977 3068 adiro
1028 3005 1111 3060 citato
1125 3006 1217 3060 amosi
1230 3005 1341 3060 oraculo
1356 3014 1449 3061 eontra
1464 3004 1639 3070 Marcionem,
1651 3006 1829 3075 quemadma-

173 3099 306 3167 volucrit,
322 3099 503 3157 buuclaboris
517 3099 695 3172 proculdubio
710 3117 762 3157 uon
780 3101 932 3172 poeuitebit.
1028 3097 1092 3154 dum
1106 3098 1236 3155 adversus
1249 3098 1357 3156 ludaros
1371 3097 1491 3170 disputat
1502 3097 1590 3169 (idern
1601 3099 1645 3154 lib.
1661 3110 1744 3155 contr.
1755 3100 1830 3156 llar-

212 3192 271 3249 Non
285 3191 383 3249 utinori
394 3192 516 3264 proiecto
528 3194 662 3251 evidentia
677 3195 742 3251 illud
756 3195 909 3252 declaratur
922 3194 974 3263 bis,
990 3201 1013 3268 c
1028 3194 1097 3250 cau.
1114 3194 1136 3266 ).
1160 3193 1339 3266 Hieronymus
1368 3208 1433 3249 vero
1456 3190 1585 3267 (Hieron.
1614 3191 1649 3249 ln
1674 3195 1725 3249 lac.
1747 3200 1827 3251 duros

173 3299 235 3355 qnae
261 3285 416 3343 Lactantius
437 3294 499 3359 post
522 3286 580 3342 ltaec
602 3287 693 3343 retulit
716 3285 974 3360 (lactrocinia),
1026 3286 1086 3357 cit.)
1101 3285 1166 3341 illud
1179 3286 1300 3357 explieat
1323 3296 1378 3341 tum
1395 3284 1595 3341 deludacorum
1618 3284 1687 3356 apud
1703 3285 1828 3357 Assyrios

174 3377 326 3435 Psalmistze
350 3378 450 3435 verbis.
473 3378 628 3447 Effuderunt
647 3394 739 3434 uranus
758 3394 829 3434 mear
852 3388 875 3433 et
898 3378 975 3450 pedes
1025 3376 1209 3435 sectatrices
1221 3378 1389 3449 captivitate,
1401 3386 1457 3433 tum
1471 3376 1623 3434 decbristo
1640 3376 1828 3432 bomlnoeru-

172 3488 254 3539 meat,
269 3473 492 3529 dinumerarentur
504 3473 591 3529 omnio
604 3489 662 3529 ossa
674 3489 730 3528 meu
741 3473 809 3544 :ipsi
820 3481 904 3526 autem
913 3487 975 3526 con·
1025 3472 1051 3529 ci
1064 3471 1155 3528 alexa.
1179 3471 1233 3528 Sed
1250 3471 1314 3540 quid
1329 3472 1445 3527 mirum?
1459 3486 1520 3526 eum
1532 3470 1589 3542 jam
1604 3485 1619 3523 a
1634 3470 1713 3526 nobis
1732 3470 1828 3527 obser·

173 3565 291 3639 tenrplati
302 3576 373 3634 aunt,
389 3575 413 3623 et
424 3567 541 3622 alemant
555 3583 603 3632 nte,
616 3566 756 3622 diviserunt
768 3566 816 3622 eibi
826 3566 974 3621 vestimenta
1025 3573 1117 3620 vatum
1132 3564 1169 3620 sit
1182 3565 1274 3635 plures
1285 3578 1346 3620 esse
1360 3563 1483 3633 eiusdem
1496 3563 1566 3618 sacri
1582 3571 1671 3618 textus
1684 3563 1772 3618 nostri
1787 3566 1825 3620 si-

173 3676 243 3727 meo,
257 3668 280 3716 et
293 3676 371 3731 super
381 3670 476 3716 uestem
486 3676 567 3715 arcana
578 3670 671 3715 sortem
680 3660 803 3715 miserunt
817 3658 903 3734 (Psoi.
916 3677 972 3716 ιιι.
1024 3660 1167 3731 gnificatus
1180 3669 1208 3716 et
1221 3658 1466 3728 interpretationes,
1482 3672 1550 3727 quus
1563 3671 1659 3712 omnes
1670 3670 1750 3713 veras
1762 3672 1826 3715 esse

172 3750 209 3807 18
225 3759 250 3806 ct
271 3751 327 3822 19).
341 3750 378 3807 lta
398 3752 480 3808 etima
499 3750 649 3824 Cyprianus
666 3750 971 3824 (capuccinorum.
1024 3754 1224 3824 nullusnegarc
1239 3753 1336 3809 merito
1351 3767 1477 3822 umquam
1499 3751 1609 3823 poterit.

169 3841 238 3898 iud.
253 3841 268 3914 5
281 3841 328 3916 ab)
349 3843 501 3915 eodemque
520 3843 599 3914 plane
624 3858 705 3901 seusu
718 3844 800 3900 uerba
825 3843 870 3898 illa
886 3844 972 3900 iuter·
1061 3847 1151 3919 Neque
1161 3858 1226 3901 vero
1238 3846 1322 3902 sacris
1336 3844 1440 3901 vatibus
1453 3845 1552 3901 nostris
1564 3844 1629 3900 satis
1642 3853 1699 3901 erat
1709 3855 1824 3902 aaronem

171 3945 306 4008 pretatur.
321 3935 402 4007 Atqui
417 3934 644 4009 Psalmograplrus
661 3936 734 4002 bac,
749 3935 788 3991 uti
803 3936 841 3990 ait
854 3934 972 3991 Lactau·
1023 3937 1135 4004 Cbristi,
1146 3946 1242 4008 etqua>
1252 3945 1308 3993 tum
1322 3937 1485 4004 acciderant,
1496 3938 1621 3994 omuibus
1631 3941 1823 4010 praenuntiare,

171 4027 243 4096 tius,
261 4043 315 4084 uon
329 4029 364 4085 dc
385 4045 433 4096 se,
449 4030 495 4101 qui
508 4029 576 4084 nibil
590 4030 678 4085 simile
690 4044 836 4101 perpessus
849 4036 908 4097 est,
923 4030 971 4085 scd
1023 4033 1075 4089 nisi
1098 4033 1169 4088 illius
1189 4031 1271 4088 etiam
1285 4032 1487 4098 rerurrectionis,
1501 4033 1559 4088 siue
1573 4048 1636 4104 qua,
1654 4034 1691 4087 uti
1706 4034 1826 4104 aitbpo·

170 4120 263 4176 divino
283 4121 378 4192 spiritu
403 4120 529 4188 uibratus,
559 4120 594 4178 de
611 4121 721 4177 Christo
744 4122 969 4195 praeloquebatur.
1024 4125 1111 4183 stolus
1134 4124 1226 4198 (Paul.
1242 4141 1271 4193 t,
1297 4124 1425 4192 Caristia,
1449 4141 1508 4195 rap.
1530 4141 1575 4181 xv.
1598 4123 1826 4196 supersessa

168 4212 258 4269 Siurili
269 4229 376 4285 quoque
387 4214 694 4272 moula'lcrtullianuszt
711 4215 850 4287 Scriptura
862 4217 888 4272 in
900 4217 972 4287 psal·
1023 4216 1092 4274 lldes
1110 4226 1218 4282 nostra,
1241 4217 1397 4289 mysterium
1419 4216 1619 4287 predixisserrt.
1635 4219 1669 4270 tlt
1685 4216 1749 4271 illud
1765 4218 1823 4274 cvi-

169 4309 223 4361 mls
238 4305 304 4362 dicit
320 4323 326 4359 :
344 4306 596 4363 Exterminaverunt
617 4308 703 4381 (privas
716 4309 877 4380 scripserat,
895 4307 971 4365 lotle-
1022 4307 1118 4363 deuter
1130 4308 1164 4363 ab
1178 4308 1218 4363 eis
1232 4307 1438 4379 praenuntiatum
1461 4305 1543 4362 luisse
1559 4305 1655 4376 probat
1667 4306 1825 4367 Lactamius
1862 4293 1868 4310 ’

168 4398 247 4471 runt)
268 4414 364 4456 manns
382 4414 456 4456 meas
470 4411 497 4456 et
512 4400 611 4472 pedes,
626 4401 864 4457 dinumeraverunt
878 4399 969 4457 omnia
1022 4399 1154 4472 (Laetam.
1170 4398 1215 4455 lib.
1227 4413 1263 4465 ιι,
1275 4415 1332 4471 cap.
1346 4395 1405 4469 xus)
1418 4397 1460 4454 bis
1475 4397 1627 4455 Psalmistac
1640 4398 1730 4455 verbis
1740 4418 1748 4455 τ
1760 4399 1823 4456 Non

168 4507 232 4549 ossa
245 4509 315 4549 mea.
330 4492 483 4565 lpsiautem
497 4494 687 4563 contemplati,
702 4493 967 4550 etvideruntme....
1021 4493 1181 4564 derelinques
1205 4493 1317 4547 unimam
1341 4507 1425 4545 aream
1447 4492 1518 4563 apud
1540 4492 1656 4564 inferos,
1676 4509 1722 4548 aec
1749 4493 1823 4549 dabis

169 4586 236 4643 'elac
247 4586 329 4642 baviel
343 4601 438 4657 passus
449 4600 502 4641 uon
514 4594 606 4653 est,ut
618 4584 692 4640 dese
704 4586 801 4642 merito
810 4584 913 4642 dixisse
926 4587 967 4641 vi·
979 4592 1008 4655 1)
1019 4596 1136 4643 tanetum
1149 4596 1219 4641 tuum
1232 4585 1318 4641 uidem
1329 4586 1462 4640 interitum
1482 4583 1600 4658 (Paulus.
1614 4601 1661 4652 xv,
1674 4585 1729 4657 lb).
1744 4585 1823 4642 Prius

168 4676 771 4749 deatur;sedGltristusquicruelllxusestv
788 4675 968 4749 (terraturio.
1020 4694 1087 4734 vero
1114 4678 1209 4734 eadent
1236 4676 1387 4751 Cyprianus
1421 4676 1520 4751 (cypr.
1551 4664 1644 4733 libsu
1672 4677 1733 4732 oda.
1756 4677 1821 4735 teet.

168 4773 229 4828 atla.
245 4771 309 4829 luti.
326 4790 384 4846 cop.
396 4789 414 4828 x
426 4782 450 4828 et
460 4771 529 4845 ιιιι).
542 4772 613 4842 Quin
625 4773 706 4829 etiam
720 4770 766 4829 ille
780 4772 882 4830 diserte
894 4786 969 4829 asse·
1022 4772 1037 4847 5
1051 4773 1098 4847 11)
1120 4775 1228 4846 scriptis
1242 4772 1406 4840 tradiderat,
1425 4783 1524 4845 prater
1544 4773 1666 4829 ultimum
1690 4773 1821 4841 verbum,

168 4867 204 4921 rit
228 4874 284 4922 toto
297 4865 345 4922 illo
360 4867 465 4939 integro
487 4867 592 4937 psalmo
611 4866 727 4923 laturam
750 4864 850 4922 Christi
865 4866 968 4936 passio·
1019 4883 1071 4941 pro
1092 4883 1146 4940 quo
1170 4869 1260 4940 posuit
1282 4869 1481 4939 corruptionem.
1505 4867 1573 4923 Tam
1598 4867 1671 4923 clara
1690 4878 1780 4926 autem
1793 4880 1821 4925 ct

169 4973 233 5016 nem
245 4957 393 5016 decantari.
411 4959 444 5014 Et
455 4967 530 5015 certe
542 4960 611 5015 alios
622 4959 691 5015 bene
704 4958 806 5014 multos
818 4965 968 5028 utpraster·
1020 4967 1164 5030 apertaest
1175 4974 1207 5015 ea
1218 4958 1367 5030 praedictio,
1378 4967 1407 5012 ut
1418 4958 1515 5013 Petrus
1525 4958 1670 5028 Apostolus
1692 4960 1718 5015 in
1733 4961 1820 5032 primo

167 5066 282 5118 eamus,
305 5050 428 5122 lustinus
461 5060 563 5125 martyr
585 5051 674 5125 (lert.
700 5050 781 5108 llart.
812 5049 885 5106 btat.
909 5065 966 5105 cum
1019 5065 1070 5106 suo
1092 5050 1126 5104 ad
1147 5048 1256 5105 ludaeos
1284 5063 1409 5105 sermone
1431 5047 1501 5122 (Act.
1522 5049 1707 5121 Apart.,cap.
1728 5067 1766 5121 u,
1783 5051 1820 5108 15

168 5147 299 5224 impla),
318 5157 346 5204 et
363 5147 495 5205 Eusebius
508 5147 616 5218 (liureb.
631 5145 804 5203 Demonstrat.
828 5144 966 5219 baunari.)
1019 5151 1045 5198 ct
1058 5139 1140 5214 seqq.)
1161 5139 1299 5198 evidenter
1320 5139 1488 5197 demonstret
1509 5139 1583 5196 illam
1599 5156 1653 5199 non
1667 5143 1694 5199 iu
1709 5144 1819 5214 baside,

165 5240 244 5297 illum
259 5248 357 5309 tucrum,
371 5249 398 5296 et
412 5239 533 5312 singulos
553 5240 626 5297 illius
641 5255 736 5296 remus
750 5240 784 5297 de
804 5240 901 5298 iisdem
915 5255 966 5298 ex·
1020 5237 1065 5311 qui
1077 5235 1148 5307 apud
1158 5249 1205 5292 cos
1216 5242 1338 5290 mortuus
1348 5232 1505 5304 etsepultus
1518 5232 1614 5300 luerat,
1628 5236 1676 5291 sed
1690 5236 1820 5296 111011ιὶ8-

167 5332 262 5388 tremis
276 5330 374 5389 Cbristl
391 5333 533 5388 tormentis
545 5341 574 5390 et
584 5339 670 5388 morte
683 5339 832 5403 exponunt.
845 5331 967 5403 Evauqe·
1019 5339 1058 5398 tu,
1072 5343 1088 5384 a
1101 5326 1213 5384 mortuis
1224 5324 1258 5383 ad
1268 5325 1350 5382 vitam
1364 5332 1502 5393 revocato,
1512 5323 1634 5396 perlecto
1646 5328 1818 5399 completam.

167 5421 239 5480 listas
253 5422 471 5480 verollattbaus
492 5422 611 5494 (llattb.
626 5437 711 5480 xxvrr.
726 5422 782 5493 all)
802 5431 830 5478 et
849 5421 967 5481 loannes
1020 5422 1187 5494 Quinetiam
1208 5421 1308 5479 Paulus
1321 5420 1351 5477 iu
1364 5434 1412 5478 sua
1435 5432 1544 5492 quoquc
1564 5418 1599 5474 ad
1620 5433 1668 5475 cas
1689 5421 1822 5478 concione

168 5513 259 5589 (ioan.
282 5529 338 5571 ιιι.
360 5514 408 5587 11)
429 5514 528 5571 docent
548 5525 612 5572 tuuc
630 5514 772 5581 evenisse,
787 5513 858 5585 quod
880 5514 907 5570 iu
920 5529 967 5571 eo-
1021 5515 1105 5591 (lbiul.
1123 5532 1181 5589 cap.
1204 5530 1281 5583 xum,
1294 5513 1330 5570 55
1347 5522 1372 5569 et
1390 5512 1472 5586 seqq.)
1495 5512 1567 5570 idem
1592 5512 1671 5584 plane
1689 5513 1820 5572 ostendit.

167 5607 231 5663 dem
247 5606 353 5678 psalmo
374 5606 409 5663 de
428 5604 596 5664 vestimentis
609 5607 686 5680 ejus,
704 5616 778 5664 sorte
797 5604 965 5675 dividendis,
1016 5603 1111 5680 ltaque
1132 5607 1184 5664 boc
1197 5605 1335 5664 oraculum
1358 5614 1494 5662 tantarum
1515 5604 1707 5677 Apostolorum
1723 5613 1820 5662 aucto·

167 5698 376 5768 praenuntiatum
391 5694 488 5754 iuverat.
1016 5693 1098 5756 riute
1117 5699 1269 5767 firmatum,
1285 5698 1415 5769 aliorum,
1438 5706 1469 5754 ut
1492 5695 1571 5753 lacilc
1585 5703 1641 5763 cst,
1665 5696 1822 5754 testimonio

204 5784 415 5848 Rauennatem
430 5788 490 5861 tpvo
504 5793 641 5864 empore.
656 5779 964 5864 utttaaauturteau
1017 5788 1196 5851 corroborare
1219 5802 1274 5849 auur
1299 5789 1409 5864 louputn
1432 5796 1521 5857 estat,
1545 5796 1627 5864 quara
1641 5781 1746 5849 lnutlls.
1767 5782 1819 5857 Qui
