4142 6184
152 235 208 295 DDD
492 240 649 303 otsssuu.
665 242 697 303 tu
717 242 784 304 tto.
803 246 848 306 us
867 243 1043 310 MORTIDUS
1062 248 1254 314 usssscut.
1275 253 1354 314 CAP.
1371 254 1440 315 illl.
1748 264 1803 325 950

147 360 219 407 serm
239 350 331 424 (cecil.
343 367 401 425 cop.
417 352 476 428 ts),
491 365 519 413 et
533 358 669 430 posterius
683 360 876 419 imbecillitatis
886 362 949 419 Dio·
961 368 987 428 Α
1000 363 1076 423 iouis
1089 363 1235 439 Capitolini
1246 369 1347 441 templo
1357 370 1465 442 jurasse
1479 369 1536 429 iore
1548 377 1580 429 ut
1595 371 1676 431 simul
1687 372 1801 450 imperio

146 444 265 503 motiano
276 444 354 514 seni,
369 461 402 504 ex
415 448 576 519 grauissimo
590 453 712 525 corporis
724 452 861 527 animique
876 470 948 511 mor·
998 472 1060 516 sese
1080 459 1248 520 abdicarent.

146 536 184 596 bo
203 536 250 595 tiu
273 539 490 610 convalescenti,
511 541 583 600 baud
606 543 687 615 plane
715 545 851 602 immerito
871 546 947 602 attri-
1034 550 1162 610 Aliumne
1185 553 1275 611 adbuc
1300 564 1399 614 testem
1422 557 1580 616 desideras?
1601 560 1648 619 tibi
1675 562 1801 623 dabimus

146 630 298 700 buendum.
997 642 1204 703 Constantinum
1219 647 1366 720 stagnum,
1393 650 1441 724 qui
1463 651 1679 722 Diocletianum,
1693 657 1717 713 si
1734 656 1801 716 ludos

184 725 325 785 Dillicilius
346 727 462 786 iortasse
474 729 540 787 illud
553 730 700 802 ridcbitur,
716 732 787 805 quod
801 732 899 792 ibidem
914 732 949 793 de
997 736 1100 797 Cecilio
1120 751 1214 799 nostro
1225 742 1348 800 habenda
1371 744 1427 815 sit,
1448 761 1566 818 purpura
1593 748 1725 821 imperiali
1740 765 1801 809 sese

145 816 327 877 cumanum
340 818 438 893 Magno
459 817 577 880 Gecllius
594 832 687 881 noster
700 835 832 882 memorat
848 844 855 881 ε
870 825 949 882 Erat·
997 843 1142 890 exuentem
1163 834 1279 894 videm,
1306 837 1350 894 gt,
1372 838 1419 894 5110
1442 839 1542 912 quippe
1568 842 1596 898 g„
1624 841 1683 915 gp„
1704 860 1752 902 sn,
1767 847 1801 904 ,g

144 926 212 984 que,
226 925 288 969 cum
305 912 489 970 Diocletianus
501 922 529 970 et
543 914 667 973 Galerius
683 916 755 974 iratur
765 932 795 974 se
808 918 948 991 colloque·
997 922 1160 984 Sanctorum
1169 936 1271 986 coetum
1286 931 1410 988 oratione
1419 931 1491 989 idem
1505 933 1689 993 Diocletianus
1703 937 1801 997 dicitur

146 1005 270 1075 bantur,
286 1016 346 1064 tame
358 1022 482 1080 museus.
497 1007 613 1067 Ubinam
637 1011 710 1068 enim
722 1052 731 1079 ,
745 1011 870 1079 obscmo,
885 1021 947 1068 tutos
998 1027 1091 1087 postea
1112 1020 1213 1078 uixisse
1229 1022 1372 1094 privatus,
1388 1032 1489 1096 atque,
1505 1028 1585 1090 αὐτὸς
1606 1027 1700 1088 ἑαυτοῦ
1722 1055 1802 1091 κατα-

144 1118 259 1173 proaem
273 1112 327 1158 erut
341 1102 354 1158 i
368 1104 410 1159 sn
430 1103 458 1159 in
473 1102 632 1160 Diocletiani
655 1103 776 1176 palatio,
791 1105 945 1177 atquibus·
997 1110 1180 1189 ψηφισάμενος,
1188 1117 1346 1190 suometipss
1353 1119 1492 1176 damnatus
1499 1124 1624 1178 sententio
1638 1123 1800 1198 (spadulae.

143 1195 325 1268 damplacet;
339 1211 374 1253 an
397 1196 424 1252 in
439 1197 499 1270 ipso
511 1197 653 1267 cubiculo,
668 1199 713 1256 ubi
729 1197 774 1256 ille
787 1213 848 1256 cum
868 1199 948 1260 Gale·
999 1204 1074 1263 Orat.
1095 1207 1131 1262 od
1143 1218 1226 1265 sanct.
1242 1219 1313 1278 cuc,
1328 1227 1387 1281 cop.
1403 1209 1470 1286 ΞΒ).
1484 1212 1618 1286 Numquid
1631 1229 1722 1274 autem
1736 1218 1801 1277 illud

142 1290 187 1346 rio
212 1289 384 1363 loquebatur,
406 1289 633 1362 quaemadmodum
653 1292 714 1348 aliis
735 1291 824 1349 uisum
839 1292 903 1349 esti
917 1292 945 1349 in
997 1297 1127 1369 scriptum
1143 1299 1305 1360 traditumuc
1326 1304 1425 1377 legitur
1437 1303 1472 1361 de
1485 1305 1669 1377 imperatore,
1685 1311 1731 1381 qni
1750 1310 1802 1369 Ga·

142 1380 260 1453 huiusce
279 1392 369 1440 autem
405 1381 533 1440 scortando
558 1383 693 1455 opinionis
713 1383 947 1442 uonurmattonem
997 1385 1058 1444 lorii
1066 1388 1167 1447 ferocia
1182 1401 1210 1447 et
1235 1392 1318 1449 minis
1331 1393 1365 1450 ad
1379 1394 1558 1467 abjiciendam
1574 1411 1728 1469 supremam
1750 1401 1801 1458 im·

141 1475 210 1533 illud
224 1474 340 1548 proferri
359 1483 468 1548 potest,
483 1475 554 1546 quod
577 1477 656 1547 paulo
682 1489 743 1549 post
756 1476 881 1535 Galerius
894 1477 948 1535 ier·
997 1480 1065 1549 perii
1079 1480 1236 1554 dignitatem
1249 1484 1360 1540 adactus
1369 1487 1430 1542 esti
1442 1485 1509 1555 Quis
1522 1498 1611 1545 autem
1626 1490 1727 1548 dixerit
1748 1494 1801 1550 ml·

138 1569 373 1629 turDiocletiuno
395 1568 551 1627 ostendisse
564 1569 738 1628 Maximinum
765 1572 872 1641 Daiam,
887 1570 946 1629 Gae-
997 1587 1165 1633 uoremesse
1191 1577 1362 1635 Constantini
1387 1579 1474 1652 Magni
1496 1590 1523 1638 et
1547 1582 1662 1640 aliorum
1686 1602 1702 1644 a
1722 1586 1802 1645 nobis

139 1679 235 1724 sarem
253 1682 318 1723 mox
334 1665 556 1739 nuncupandum.
573 1667 673 1723 Dorium
688 1668 761 1724 enim
776 1668 803 1724 in
822 1669 947 1726 cubiculo
997 1665 1184 1739 laudatorum,
1198 1686 1278 1743 qnam
1286 1671 1363 1729 Lucii
1377 1672 1472 1730 cecilii
1484 1677 1696 1736 auctoritatem?

139 1758 165 1816 si
179 1759 226 1817 lric
239 1758 352 1827 aderat,
364 1773 414 1815 cur
423 1773 489 1831 ergo
502 1772 555 1815 non
571 1758 629 1831 ipse
642 1759 724 1816 etiam
740 1758 945 1829 Constantinus,
961 1763 987 1825 B
1033 1758 1137 1818 Contra
1152 1778 1217 1819 uero
1229 1764 1342 1835 plnres,
1356 1766 1459 1839 inquiet
1472 1768 1590 1841 aliquis,
1606 1782 1732 1830 asserunt
1753 1774 1799 1832 de·

138 1852 190 1924 qui
204 1849 242 1908 ibi
255 1865 367 1924 protem
382 1850 465 1908 inisse
479 1851 627 1907 asseritur?
642 1851 722 1924 Atqui
735 1851 759 1907 si
782 1851 809 1907 in
825 1852 876 1909 lroc
895 1867 945 1909 co·
999 1852 1117 1922 positum
1127 1853 1162 1910 ab
1176 1854 1376 1928 illuimperium
1389 1899 1397 1925 ,
1410 1858 1454 1916 rel
1466 1861 1502 1916 ob
1513 1864 1662 1921 senectutis
1675 1864 1800 1925 inertiam

138 1943 234 2004 bicnlo
246 1961 342 2002 reuera
357 1944 498 2012 stetisset,
514 1944 708 2016 imperatorum
722 1953 770 2001 ant
781 1945 887 2016 uerbis,
900 1954 948 2003 aut
997 1950 1026 2001 ct
1039 1943 1250 2004 imbecillitatem
1264 1988 1272 2016 ,
1287 1948 1326 2004 uti
1340 1948 1486 2021 Eutropius
1498 1952 1579 2024 paulo
1591 1963 1655 2010 ante
1678 1957 1777 2015 citatus
1792 1976 1799 2015 :

137 2038 229 2111 signis
241 2037 444 2109 deprehendere
458 2037 551 2110 procul
576 2036 659 2094 dnbio
673 2038 806 2109 potuisset
815 2052 845 2095 se
857 2052 873 2094 a
884 2035 946 2092 Cae·
997 2037 1041 2095 rel
1055 2037 1091 2095 ob
1104 2039 1264 2097 insanientis
1286 2042 1371 2099 animi
1386 2043 1497 2113 uitium,
1514 2046 1586 2103 sicut
1606 2049 1801 2110 Constantinus

136 2130 215 2188 saris
228 2130 354 2203 dignitate
365 2129 553 2203 rejiciendum.
575 2129 631 2188 Sed
645 2128 689 2187 luis
706 2129 783 2201 plura
801 2143 833 2187 ac
847 2129 945 2186 subse·
998 2128 1126 2201 llagnus,
1141 2146 1156 2186 a
1171 2131 1250 2190 nobis
1262 2132 1345 2189 etiam
1359 2148 1424 2192 mox
1435 2135 1552 2207 citatus,
1565 2138 1609 2197 uel
1620 2141 1749 2212 tandem,
1770 2152 1801 2202 ut

137 2221 254 2295 quentia
267 2223 406 2294 ipsiusmet
429 2221 523 2280 cecilii
551 2220 633 2278 uerba
658 2236 810 2293 repugnare
834 2221 946 2279 omnino
997 2220 1035 2278 ait
1049 2232 1145 2280 auctor
1159 2223 1279 2282 incertus
1296 2225 1473 2301 Panegyrici,
1487 2245 1549 2287 cum
1563 2234 1702 2305 graviores
1714 2239 1800 2309 anni,

137 2316 280 2387 videniur,
293 2317 521 2390 quemadmodum
537 2316 606 2375 intra
622 2317 807 2376 ostendemus.
997 2323 1045 2371 aut
1057 2315 1185 2374 ualetudo
1202 2317 1331 2375 deficiens
1343 2357 1352 2385 ,
1365 2334 1427 2376 eum
1444 2324 1566 2394 receptui
1579 2339 1679 2385 currere
1697 2330 1803 2403 coegis-

177 2411 266 2469 Porro
281 2423 371 2471 autem
386 2426 557 2486 quocumque
571 2412 654 2471 modo
677 2421 704 2471 te
720 2415 756 2471 ab
769 2413 821 2472 hac
834 2413 947 2471 dichul·
997 2416 1067 2463 sent.
1084 2405 1180 2465 Nonus
1190 2410 1272 2480 igitur
1283 2410 1348 2467 inde
1360 2412 1450 2485 colligi
1462 2423 1552 2485 potest
1566 2416 1594 2473 id
1609 2420 1643 2477 ab
1656 2435 1690 2479 eo
1704 2431 1800 2493 sponte

138 2513 202 2563 μω
222 2505 395 2578 empseris,
420 2505 448 2562 jn
476 2506 558 2563 etjam
583 2522 636 2562 00„
658 2506 789 2564 minorem
804 2506 947 2565 pensaram
998 2496 1116 2567 lactnm;
1128 2501 1253 2573 quamuis
1262 2503 1341 2560 senio
1351 2513 1378 2560 et
1392 2504 1547 2564 inormitate
1558 2510 1593 2567 ad
1607 2511 1677 2571 banc
1688 2515 1799 2574 abdica-

139 2596 258 2655 incides.
278 2597 346 2655 Nam
359 2597 383 2654 si
397 2597 580 2655 Diocletianus
602 2598 849 2672 lacrymabundus,
866 2607 897 2656 ut
909 2599 948 2655 ait
998 2592 1100 2652 tionem
1122 2595 1271 2653 taciendam
1285 2598 1418 2670 impulsus
1443 2599 1525 2658 luerit
1537 2603 1548 2657 l
1562 2603 1646 2664 Recte
1669 2608 1798 2680 forsitan,

139 2687 260 2749 Cecilius
280 2689 377 2763 (croit.
398 2707 457 2764 cup.
483 2689 517 2747 ts
530 2690 540 2764 )
554 2732 562 2760 ,
578 2691 763 2762 gemebundus
786 2701 868 2764 atque
889 2706 947 2749 om·
997 2691 1019 2747 si
1033 2689 1177 2761 Galerius,
1190 2692 1265 2750 nullo
1280 2701 1384 2752 terrem
1409 2695 1526 2767 iniecto,
1551 2698 1627 2758 illurn
1639 2702 1674 2761 ad
1692 2720 1800 2765 exuen-

140 2786 210 2844 niuo
220 2785 344 2843 infirmus
354 2794 383 2843 et
395 2786 531 2843 reluctans
544 2786 675 2857 imperiali
690 2801 806 2860 purpura
818 2795 846 2844 et
860 2786 949 2860 digni·
997 2781 1061 2839 dam
1076 2798 1221 2855 purpuram
1237 2785 1407 2844 adduxisset.

141 2887 201 2938 tate
222 2893 285 2937 sese
301 2878 391 2951 ipsum
402 2878 491 2949 exuit,
507 2895 577 2954 qua,
604 2894 717 2953 quaeso,
740 2882 845 2938 ratione
860 2888 947 2938 nure-
1032 2873 1149 2932 instabis
1163 2885 1253 2935 tamen
1269 2895 1277 2933 τ
1292 2877 1362 2947 Quid
1377 2879 1482 2937 obstitit
1493 2884 1638 2955 quominus
1653 2889 1799 2951 Diocletia-

139 2972 197 3031 lius
212 2973 306 3031 lictor
331 2973 441 3047 scripsit
469 2973 648 3045 deposituma
669 2974 837 3032 Diocletiano
862 2977 947 3047 tmpe-
997 2983 1050 3027 nus
1069 2985 1123 3027 non
1138 2980 1191 3028 tarn
1204 2971 1304 3030 Galerii
1316 2976 1594 3050 comminationibus,
1608 2997 1688 3056 quam
1704 2989 1800 3048 amicis

139 3068 226 3136 mum,
240 3082 295 3126 nou
308 3067 417 3141 quidem
429 3067 545 3139 impulsu
556 3066 735 3137 Galerii,sed
749 3067 945 3125 discordiarum
999 3064 1074 3122 illius
1097 3068 1188 3124 verbis
1214 3069 1320 3124 tandem
1342 3070 1505 3139 conuictus,
1533 3077 1657 3133 nuntium
1685 3079 1800 3154 imperio

139 3169 236 3229 tuetu;
250 3174 305 3217 nou
325 3161 360 3217 ob
386 3160 521 3217 inllrmam
548 3160 749 3229 ualetudinem,
765 3160 814 3218 sed
827 3175 890 3217 cnm
901 3176 948 3217 uu·
961 3157 984 3223 d
998 3159 1095 3217 uolens
1106 3160 1256 3233 lubensque
1267 3162 1426 3219 remiserit?
1440 3162 1494 3221 Sed
1507 3166 1571 3238 quid
1589 3170 1671 3227 etiam
1686 3171 1801 3245 impedi·

140 3253 245 3312 lentior
256 3262 316 3312 erat
337 3261 366 3310 et
389 3252 480 3310 antimo
493 3261 521 3308 et
535 3253 672 3324 corporet
690 3272 701 3307 a
717 3252 841 3325 Namque
854 3253 945 3311 immi·
998 3253 1056 3323 vit,
1082 3261 1177 3325 arguet
1188 3253 1273 3323 alius,
1298 3255 1443 3326 quominus
1458 3256 1505 3314 alii
1519 3259 1666 3332 scriptores
1679 3263 1802 3340 descrip-

139 3346 284 3416 nentium,
300 3346 402 3417 inquit,
425 3352 570 3414 scrutator,
592 3344 637 3401 nbi
661 3344 719 3401 lato
732 3345 875 3403 intestinas
889 3346 948 3403 cla·
997 3345 1085 3402 serint
1099 3346 1219 3403 insolens
1240 3345 1305 3403 illud
1334 3346 1434 3405 Galerii
1460 3364 1521 3406 cum
1535 3350 1703 3413 Diocletiano
1716 3357 1802 3417 colio-

139 3439 211 3510 des,
224 3448 254 3497 et
263 3439 340 3511 quasi
354 3438 487 3510 fragorem
501 3437 645 3510 quemdam
663 3436 822 3508 impendere
835 3451 947 3510 compe·
998 3438 1101 3510 quium,
1117 3447 1164 3494 aut
1179 3438 1375 3512 illiusaliquam
1389 3440 1485 3498 saltem
1493 3445 1657 3504 mentionem
1664 3448 1800 3510 fecerint?

140 3535 178 3592 rit
198 3542 286 3592 statos
300 3533 431 3600 Romani,
446 3532 583 3591 celebrato
605 3531 682 3604 regni
696 3532 827 3604 vigesimo
852 3546 946 3600 anno,
998 3531 1099 3590 Verum
1113 3546 1167 3589 non
1182 3532 1216 3590 de
1229 3532 1311 3590 rebus
1322 3549 1384 3606 qum
1398 3535 1455 3591 ieri
1471 3543 1634 3608 potuerunt,
1648 3541 1696 3599 sed
1710 3543 1744 3601 de
1755 3546 1798 3616 iis,

139 3626 271 3683 calentior
289 3639 382 3682 curam
410 3624 441 3682 P.
467 3624 500 3679 il.
526 3623 640 3696 abjecit,
656 3639 718 3681 cnm
739 3624 766 3679 in
784 3624 948 3682 sententiam
998 3641 1060 3700 quae
1069 3626 1159 3699 reipsa
1175 3636 1243 3683 actae
1257 3639 1339 3697 sunt,
1353 3629 1467 3701 quaestio
1490 3629 1614 3688 babetur.
1627 3633 1663 3689 llt
1676 3633 1800 3708 plerique

138 3717 302 3779 florentium
324 3718 466 3791 egerrime
480 3716 651 3774 traduxisset.
671 3734 682 3771 s
698 3715 806 3790 (Aurei.
826 3716 892 3773 Vim.
917 3717 950 3773 de
998 3736 1094 3778 omrres
1106 3720 1207 3777 diserte
1221 3721 1358 3777 affirmant
1369 3720 1576 3788 Diocletianum,
1590 3733 1617 3781 et
1629 3725 1674 3782 alii
1686 3727 1797 3799 quidem

140 3813 258 3881 (Imus,
278 3811 323 3868 aii
348 3812 380 3868 de
407 3810 518 3884 Diaei.)
538 3810 592 3869 Sed
614 3809 713 3869 ibidem
742 3809 842 3883 adiecit
868 3809 948 3867 aliam
999 3815 1077 3874 senio
1099 3824 1127 3873 et
1146 3814 1269 3887 corporis
1289 3813 1447 3872 inllrmitate
1460 3814 1647 3886 debilitatum,
1667 3820 1713 3876 alii
1733 3838 1799 3883 uero

139 3906 257 3980 quidem
267 3903 380 3964 aliorum
395 3948 404 3975 ,
417 3904 466 3963 sed
479 3903 575 3962 iulsam
594 3919 656 3963 esse
671 3905 843 3977 opinionem,
856 3920 948 3963 ueram
1000 3909 1113 3982 Integris
1135 3909 1224 3967 adbuc
1246 3908 1369 3976 uiribus,
1393 3923 1426 3966 ac
1452 3908 1647 3982 ualentiorem,
1674 3915 1746 3974 ultro
1766 3933 1800 3977 ac

140 4010 240 4060 autem
258 4016 318 4058 eam
342 4000 395 4058 sibi
416 3999 521 4068 rideri,
535 4015 588 4072 qua
605 3998 789 4057 Diocletianus
806 3999 949 4058 excellenti
1000 4014 1098 4078 sponte
1110 4019 1178 4073 sna,
1193 4003 1322 4076 nulloque
1335 4002 1389 4061 alio
1400 4013 1530 4077 cogente,
1546 4005 1703 4077 deposuisse
1713 4011 1799 4082 irnpe-

139 4104 243 4154 natura
257 4094 386 4165 praeditus
396 4094 429 4151 ud
441 4108 612 4151 communem
625 4094 719 4163 uitam,
732 4103 823 4166 spreto
835 4093 948 4164 ambitu,
1000 4095 1081 4155 rium.
1096 4098 1131 4154 At
1141 4096 1200 4154 hoec
1209 4096 1302 4170 opinio
1313 4096 1393 4168 plane
1406 4098 1567 4169 penitusque
1577 4098 1735 4158 adversatur
1745 4103 1797 4161 Co·

140 4187 321 4248 descendisse
354 4187 519 4245 tradebatur.
547 4186 605 4244 Nec
629 4186 675 4245 illo
701 4186 799 4260 igitur,
829 4200 880 4244 nec
903 4186 950 4244 alii
1000 4190 1056 4247 cilii
1067 4189 1280 4262 verbis,quibus
1293 4189 1592 4260 apertissinredeclarat
1604 4191 1799 4257 Diocletianum

142 4283 260 4356 hujusce
275 4282 409 4354 opinionis
423 4290 592 4350 assertores,
611 4279 837 4338 existimaverunt
846 4280 951 4338 violeu-
1002 4291 1063 4354 post
1073 4280 1174 4339 Galerii
1188 4282 1291 4347 minas,
1306 4280 1554 4353 lacrymabundus,
1568 4297 1601 4339 ac
1612 4287 1800 4354 genreiuudam

143 4379 200 4433 lanu
222 4384 270 4432 aut
294 4384 415 4434 coactam
440 4375 524 4432 inimo
546 4375 704 4434 Diocletiani
729 4375 951 4446 abdicationem,
1001 4377 1037 4434 ab
1050 4376 1220 4448 imperatoris
1236 4374 1366 4446 dignitate
1379 4373 1505 4430 cessisse.
1520 4376 1635 4448 Quoquo
1648 4380 1721 4436 enirn
1740 4398 1801 4441 mo·

142 4468 204 4528 sive
217 4478 329 4542 propter
342 4468 548 4540 iuDrmitatcm,
568 4469 626 4527 sito
651 4478 762 4542 propter
782 4469 882 4527 Galerii
896 4484 952 4528 me
1002 4471 1038 4528 do
1058 4471 1175 4544 gemitus
1188 4478 1216 4528 ct
1238 4469 1371 4542 lacrynras
1390 4467 1520 4526 corruisse
1533 4468 1647 4541 dicatur,
1664 4474 1725 4544 quis
1746 4475 1800 4535 sibl

145 4570 219 4621 tum.
960 4547 1080 4622 Dtactte
1092 4563 1263 4635 persuadebit
1277 4578 1307 4621 ea
1324 4563 1408 4620 inisse
1422 4563 1539 4620 bominis
1553 4576 1607 4621 nour
1622 4579 1726 4640 coacte,
1750 4570 1799 4629 sed

180 4657 330 4729 Eutropius
342 4669 410 4714 uero
422 4664 516 4713 oamat
534 4653 609 4730 (Eut.
624 4653 701 4712 Duco.
718 4653 779 4710 bist.
805 4652 884 4710 llorrt.
899 4653 945 4709 lii.
999 4658 1072 4714 ultro
1083 4658 1254 4731 libenterque
1263 4656 1385 4714 cedentis
1405 4656 1502 4715 indicia
1512 4659 1524 4714 l
1536 4658 1623 4718 Porro
1637 4672 1727 4720 antem
1742 4666 1799 4724 sin-

145 4764 173 4810 tx
187 4747 198 4825 )
214 4749 412 4808 Diocletianum
431 4749 546 4822 impetit)
557 4790 566 4816 ‚
579 4748 623 4806 uui
637 4746 757 4821 russeudO
771 4746 905 4804 willielmi
918 4760 948 4805 tu
998 4752 1069 4810 ceris
1081 4750 1204 4809 veritatis
1229 4750 1431 4824 indagatoribus
1452 4751 1652 4810 decernendum
1670 4757 1802 4831 relinqui·

144 4845 295 4918 imbirem·
308 4844 425 4902 cessim
438 4857 562 4900 unicum
577 4841 722 4912 Herculii),
742 4841 786 4898 ⁰⁸11
809 4840 945 4909 illinies.
999 4862 1059 4905 mus
1072 4859 1161 4904 utrum
1172 4845 1348 4917 Lactantius,
1363 4846 1408 4919 qui
1424 4857 1480 4903 tum
1500 4847 1664 4907 Nicomediae
1677 4866 1800 4911 commo·

143 4938 194 4996 sod
207 4952 280 5010 augre
297 4948 480 5010 persuaserat.
495 4935 579 4994 Vides
593 4937 675 5009 igitur
687 4949 768 5008 quam
785 4946 879 5007 aperte
892 4943 949 4991 tes·
999 4942 1121 5007 sabatur,
1136 4949 1189 4996 tam
1213 4940 1287 5009 alto,
1309 4955 1342 4996 ac
1354 4938 1486 5008 Cecilins,
1501 4939 1681 4999 voluntariam
1692 4943 1800 5003 Diocle·

144 5042 219 5091 tetur
232 5032 384 5106 depositam
401 5039 499 5105 sponte
514 5039 542 5089 et
567 5029 667 5088 ultroa
682 5029 850 5088 Diocletiano
862 5028 948 5102 impe·
999 5036 1066 5093 tiani
1078 5035 1276 5092 abdicationem
1289 5033 1398 5090 silentio
1410 5033 1640 5105 pretermisisset.

143 5125 243 5184 rialem
255 5139 416 5198 purpuram.
1296 5141 1445 5184 sustentus
1463 5142 1501 5183 rx.

181 5219 346 5277 liumeuium
360 5227 450 5276 tamen
464 5215 556 5290 (Dam.
578 5217 677 5291 Peneo.
703 5218 848 5288 conatast,
860 5216 875 5292 i
889 5216 924 5274 lli
939 5219 950 5290 l
1003 5222 1088 5282 Dolet
1101 5220 1415 5297 quomodthoeteuonm
1430 5218 1603 5275 flauminum
1615 5220 1729 5280 sodomi
1738 5238 1801 5298 pnr-

143 5311 168 5369 si
181 5309 267 5381 velis,
282 5309 378 5369 audies
391 5310 471 5384 longe
494 5309 594 5368 clarius
609 5310 765 5383 loquentem
779 5330 810 5369 :c
829 5312 865 5369 st
877 5312 950 5369 enim
1039 5334 1120 5393 poro,
1135 5333 1241 5390 euorqne
1251 5358 1259 5386 ,
1271 5333 1302 5372 oo
1325 5314 1467 5382 smmum,
1481 5315 1587 5386 repulso
1611 5314 1800 5392 Constantino,

145 5404 268 5464 ditinum
283 5445 291 5472 ,
309 5424 320 5460 t
338 5404 441 5478 inquit,
459 5423 470 5458 c
488 5405 562 5461 illum
578 5403 686 5475 virum,
703 5423 714 5459 s
730 5405 949 5476 Diocletianum,
1039 5409 1153 5467 Cesarea
1168 5409 1371 5476 amuntiouerit;
1384 5416 1471 5462 utram
1482 5422 1542 5463 uero
1554 5407 1587 5463 sit
1600 5424 1629 5462 eo
1639 5409 1673 5463 de
1689 5427 1718 5466 re
1729 5409 1801 5467 Ceci-

147 5518 159 5554 c
178 5499 225 5570 qui
236 5499 339 5573 primus
351 5497 493 5570 imperium
507 5507 535 5555 et
545 5497 715 5570 participavit
726 5508 754 5554 et
768 5498 857 5569 postult
868 5539 876 5564 ,
887 5512 951 5554 con·
1040 5502 1069 5558 iii
1084 5502 1187 5575 opinio,
1201 5517 1274 5574 quem
1283 5501 1310 5556 in
1319 5500 1403 5555 locum
1416 5497 1610 5564 Diocletianus,
1626 5499 1740 5574 deposito
1752 5501 1801 5557 int·

144 5592 200 5651 silii
219 5601 247 5650 ct
257 5592 318 5649 iacti
330 5593 371 5649 sui
383 5607 438 5650 non
453 5591 586 5664 pentus,
602 5606 653 5649 uec
662 5592 788 5649 amisisse
809 5606 839 5650 se
852 5599 948 5663 putat,
1039 5595 1126 5667 perio,
1141 5611 1195 5652 asse
1206 5595 1346 5667 receperit,
1362 5602 1386 5650 st
1402 5592 1447 5649 not
1461 5591 1590 5662 Licinias,
1616 5602 1800 5666 represents,

145 5686 222 5761 quod
241 5696 339 5761 sponte
354 5686 534 5755 transcripsit.
553 5704 563 5740 r
586 5684 656 5754 Datin
672 5684 753 5743 etiam
783 5682 828 5740 ille
849 5683 948 5741 ibidem
1039 5684 1124 5755 [octus
1136 5687 1170 5743 xit
1183 5687 1334 5758 imperator.

146 5778 237 5839 innuit
248 5777 375 5840 eumdem
385 5776 578 5853 imperatorem
601 5778 677 5852 prius
691 5791 754 5836 eum
774 5774 901 5837 Herculio
920 5777 949 5836 io
1038 5776 1104 5838 Post
1124 5788 1303 5840 memoratum
1331 5778 1465 5855 superiori
1489 5776 1603 5838 articulo
1616 5774 1802 5860 colloquium,
