<?xml version="1.0" encoding="UTF-8"?>
<!DOCTYPE html PUBLIC "-//W3C//DTD XHTML 1.0 Transitional//EN"
    "http://www.w3.org/TR/xhtml1/DTD/xhtml1-transitional.dtd">
<html xmlns="http://www.w3.org/1999/xhtml" xml:lang="en" lang="en">
 <head>
  <title>
</title>
<meta http-equiv="Content-Type" content="text/html;charset=utf-8" />
  <meta name='ocr-system' content='tesseract 3.04.00' />
  <meta name='ocr-capabilities' content='ocr_page ocr_carea ocr_par ocr_line ocrx_word'/>
</head>
<body>
  <div class='ocr_page' id='page_1' title='image "./patrologiaecurs159unkngoog_0377.png"; bbox 0 0 4142 6184; ppageno 0'>
   <div class='ocr_carea' id='block_1_1' title="bbox 166 222 221 286">
    <p class='ocr_par' dir='ltr' id='par_1_1' title="bbox 166 222 221 286">
     <span class='ocr_line' id='line_1_1' title="bbox 166 222 221 286; baseline -0.109 0"><span class='ocrx_word' id='word_1_1' title='bbox 166 222 221 286; x_wconf 70' lang='lat' dir='ltr'>&#39;lli</span> 
     </span>
    </p>
   </div>
   <div class='ocr_carea' id='block_1_2' title="bbox 542 223 1460 290">
    <p class='ocr_par' dir='ltr' id='par_1_2' title="bbox 542 223 1460 290">
     <span class='ocr_line' id='line_1_2' title="bbox 542 223 1460 290; baseline 0.007 -9"><span class='ocrx_word' id='word_1_2' title='bbox 542 224 647 283; x_wconf 77' lang='lat' dir='ltr'>ttttTAE</span> <span class='ocrx_word' id='word_1_3' title='bbox 667 223 700 283; x_wconf 85' lang='grc' dir='ltr'>ΙΝ</span> <span class='ocrx_word' id='word_1_4' title='bbox 719 225 783 285; x_wconf 81' lang='lat' dir='ltr'>titt.</span> <span class='ocrx_word' id='word_1_5' title='bbox 800 226 845 285; x_wconf 80' lang='lat' dir='ltr'>bu</span> <span class='ocrx_word' id='word_1_6' title='bbox 868 226 1044 290; x_wconf 74' lang='lat' dir='ltr'>uelitibus</span> <span class='ocrx_word' id='word_1_7' title='bbox 1061 228 1251 286; x_wconf 71' lang='lat' dir='ltr'>euristeus.</span> <span class='ocrx_word' id='word_1_8' title='bbox 1271 228 1348 288; x_wconf 76' lang='lat' dir='ltr'>CAP.</span> <span class='ocrx_word' id='word_1_9' title='bbox 1363 229 1460 289; x_wconf 78' lang='lat' dir='ltr'>XXlV.</span> 
     </span>
    </p>
   </div>
   <div class='ocr_carea' id='block_1_3' title="bbox 1763 238 1817 298">
    <p class='ocr_par' dir='ltr' id='par_1_3' title="bbox 1763 238 1817 298">
     <span class='ocr_line' id='line_1_3' title="bbox 1763 238 1817 298; baseline 0.074 -4"><span class='ocrx_word' id='word_1_10' title='bbox 1763 238 1817 298; x_wconf 81' lang='lat' dir='ltr'>tlt</span> 
     </span>
    </p>
   </div>
   <div class='ocr_carea' id='block_1_4' title="bbox 167 338 1818 425">
    <p class='ocr_par' dir='ltr' id='par_1_4' title="bbox 167 338 1818 425">
     <span class='ocr_line' id='line_1_4' title="bbox 167 338 1818 425; baseline 0.01 -27"><span class='ocrx_word' id='word_1_11' title='bbox 167 347 208 398; x_wconf 85' lang='lat' dir='ltr'>tur</span> <span class='ocrx_word' id='word_1_12' title='bbox 230 338 324 398; x_wconf 81' lang='lat' dir='ltr'>Estier</span> <span class='ocrx_word' id='word_1_13' title='bbox 336 359 413 415; x_wconf 76' lang='lat' dir='ltr'>regno</span> <span class='ocrx_word' id='word_1_14' title='bbox 433 344 487 419; x_wconf 84' lang='lat' dir='ltr'>(Sic</span> <span class='ocrx_word' id='word_1_15' title='bbox 510 347 582 403; x_wconf 89' lang='lat' dir='ltr'>euim</span> <span class='ocrx_word' id='word_1_16' title='bbox 602 349 716 406; x_wconf 81' lang='lat' dir='ltr'>Hebraea</span> <span class='ocrx_word' id='word_1_17' title='bbox 736 349 769 404; x_wconf 92' lang='lat' dir='ltr'>ad</span> <span class='ocrx_word' id='word_1_18' title='bbox 790 349 901 406; x_wconf 79' lang='lat' dir='ltr'>verbum</span> <span class='ocrx_word' id='word_1_19' title='bbox 915 365 962 407; x_wconf 90' lang='lat' dir='ltr'>so·</span> <span class='ocrx_word' id='word_1_20' title='bbox 976 353 1001 412; x_wconf 77' lang='lat' dir='ltr'>A</span> <span class='ocrx_word' id='word_1_21' title='bbox 1015 350 1116 405; x_wconf 81' lang='lat' dir='ltr'>tectam</span> <span class='ocrx_word' id='word_1_22' title='bbox 1132 349 1234 406; x_wconf 89' lang='lat' dir='ltr'>tribuit.</span> <span class='ocrx_word' id='word_1_23' title='bbox 1258 348 1315 406; x_wconf 91' lang='lat' dir='ltr'>lmo</span> <span class='ocrx_word' id='word_1_24' title='bbox 1328 351 1401 420; x_wconf 89' lang='lat' dir='ltr'>ride,</span> <span class='ocrx_word' id='word_1_25' title='bbox 1417 351 1489 424; x_wconf 89' lang='lat' dir='ltr'>quod</span> <span class='ocrx_word' id='word_1_26' title='bbox 1515 353 1601 425; x_wconf 89' lang='lat' dir='ltr'>magis</span> <span class='ocrx_word' id='word_1_27' title='bbox 1626 362 1678 420; x_wconf 90' lang='lat' dir='ltr'>est,</span> <span class='ocrx_word' id='word_1_28' title='bbox 1692 354 1818 415; x_wconf 87' lang='lat' dir='ltr'>Duinarti</span> 
     </span>
    </p>
   </div>
   <div class='ocr_carea' id='block_1_5' title="bbox 164 410 965 705">
    <p class='ocr_par' dir='ltr' id='par_1_5' title="bbox 164 410 965 705">
     <span class='ocr_line' id='line_1_5' title="bbox 164 410 964 482; baseline 0.014 -17"><span class='ocrx_word' id='word_1_29' title='bbox 164 410 249 482; x_wconf 82' lang='lat' dir='ltr'>naut)</span> <span class='ocrx_word' id='word_1_30' title='bbox 273 416 407 472; x_wconf 88' lang='lat' dir='ltr'>sententia</span> <span class='ocrx_word' id='word_1_31' title='bbox 430 426 498 473; x_wconf 88' lang='lat' dir='ltr'>est:</span> <span class='ocrx_word' id='word_1_32' title='bbox 521 418 569 473; x_wconf 86' lang='lat' dir='ltr'>Die</span> <span class='ocrx_word' id='word_1_33' title='bbox 592 431 678 475; x_wconf 83' lang='lat' dir='ltr'>autern</span> <span class='ocrx_word' id='word_1_34' title='bbox 705 421 779 475; x_wconf 88' lang='lat' dir='ltr'>tertio</span> <span class='ocrx_word' id='word_1_35' title='bbox 811 422 903 476; x_wconf 88' lang='lat' dir='ltr'>indutu</span> <span class='ocrx_word' id='word_1_36' title='bbox 927 432 964 476; x_wconf 89' lang='lat' dir='ltr'>est</span> 
     </span>
     <span class='ocr_line' id='line_1_6' title="bbox 166 480 963 559; baseline 0.016 -23"><span class='ocrx_word' id='word_1_37' title='bbox 166 480 263 538; x_wconf 77' lang='lat' dir='ltr'>Cstber</span> <span class='ocrx_word' id='word_1_38' title='bbox 285 487 415 557; x_wconf 80' lang='lat' dir='ltr'>regalibus</span> <span class='ocrx_word' id='word_1_39' title='bbox 430 490 593 555; x_wconf 85' lang='lat' dir='ltr'>uestimentis,</span> <span class='ocrx_word' id='word_1_40' title='bbox 608 501 637 546; x_wconf 92' lang='grc' dir='ltr'>ιιι</span> <span class='ocrx_word' id='word_1_41' title='bbox 650 493 752 559; x_wconf 89' lang='lat' dir='ltr'>optime</span> <span class='ocrx_word' id='word_1_42' title='bbox 767 494 903 548; x_wconf 89' lang='lat' dir='ltr'>transtulit</span> <span class='ocrx_word' id='word_1_43' title='bbox 921 494 963 548; x_wconf 92' lang='lat' dir='ltr'>iu·</span> 
     </span>
     <span class='ocr_line' id='line_1_7' title="bbox 165 556 965 644; baseline 0.016 -37"><span class='ocrx_word' id='word_1_44' title='bbox 165 563 272 644; x_wconf 68' lang='lat' dir='ltr'>terpges</span> <span class='ocrx_word' id='word_1_45' title='bbox 282 556 428 629; x_wconf 53' lang='lat' dir='ltr'>vulgatum</span> <span class='ocrx_word' id='word_1_46' title='bbox 440 559 494 623; x_wconf 85' lang='lat' dir='ltr'>rel,</span> <span class='ocrx_word' id='word_1_47' title='bbox 507 565 554 616; x_wconf 80' lang='lat' dir='ltr'>sei</span> <span class='ocrx_word' id='word_1_48' title='bbox 568 564 664 636; x_wconf 67' lang='grc' dir='ltr'>ἐγένετο</span> <span class='ocrx_word' id='word_1_49' title='bbox 675 564 699 618; x_wconf 81' lang='lat' dir='ltr'>ia</span> <span class='ocrx_word' id='word_1_50' title='bbox 711 572 742 635; x_wconf 76' lang='grc' dir='ltr'>τῇ</span> <span class='ocrx_word' id='word_1_51' title='bbox 756 566 838 638; x_wconf 73' lang='grc' dir='ltr'>ἡμέρᾳ</span> <span class='ocrx_word' id='word_1_52' title='bbox 849 573 880 640; x_wconf 72' lang='grc' dir='ltr'>τῇ</span> <span class='ocrx_word' id='word_1_53' title='bbox 891 567 965 642; x_wconf 69' lang='grc' dir='ltr'>τρίτῃ</span> 
     </span>
     <span class='ocr_line' id='line_1_8' title="bbox 166 624 965 705; baseline 0.013 -25"><span class='ocrx_word' id='word_1_54' title='bbox 166 624 306 684; x_wconf 68' lang='lat' dir='ltr'>miseere</span> <span class='ocrx_word' id='word_1_55' title='bbox 319 631 335 688; x_wconf 76' lang='lat' dir='ltr'>i</span> <span class='ocrx_word' id='word_1_56' title='bbox 347 627 437 704; x_wconf 73' lang='grc' dir='ltr'><strong><em>Ἐσθήρ</em></strong></span> <span class='ocrx_word' id='word_1_57' title='bbox 452 633 608 703; x_wconf 75' lang='grc' dir='ltr'>βασιλικοῖς,</span> <span class='ocrx_word' id='word_1_58' title='bbox 630 643 658 689; x_wconf 88' lang='lat' dir='ltr'>ut</span> <span class='ocrx_word' id='word_1_59' title='bbox 679 633 852 705; x_wconf 84' lang='lat' dir='ltr'>Septuaginta</span> <span class='ocrx_word' id='word_1_60' title='bbox 875 648 965 691; x_wconf 82' lang='lat' dir='ltr'>verte·</span> 
     </span>
    </p>
   </div>
   <div class='ocr_carea' id='block_1_6' title="bbox 166 699 965 826">
    <p class='ocr_par' dir='ltr' id='par_1_6' title="bbox 166 699 965 826">
     <span class='ocr_line' id='line_1_9' title="bbox 166 699 965 824; baseline 0.014 -72"><span class='ocrx_word' id='word_1_61' title='bbox 166 708 249 824; x_wconf 38' lang='lat' dir='ltr'>{prate</span> <span class='ocrx_word' id='word_1_62' title='bbox 256 699 311 756; x_wconf 85' lang='lat' dir='ltr'>Nec</span> <span class='ocrx_word' id='word_1_63' title='bbox 321 700 432 758; x_wconf 89' lang='lat' dir='ltr'>obstant</span> <span class='ocrx_word' id='word_1_64' title='bbox 444 717 511 759; x_wconf 90' lang='lat' dir='ltr'>sane</span> <span class='ocrx_word' id='word_1_65' title='bbox 524 719 585 774; x_wconf 88' lang='lat' dir='ltr'>quae</span> <span class='ocrx_word' id='word_1_66' title='bbox 600 720 634 761; x_wconf 90' lang='lat' dir='ltr'>ex</span> <span class='ocrx_word' id='word_1_67' title='bbox 651 704 799 771; x_wconf 85' lang='lat' dir='ltr'>Dodwello,</span> <span class='ocrx_word' id='word_1_68' title='bbox 819 705 873 760; x_wconf 90' lang='lat' dir='ltr'>col.</span> <span class='ocrx_word' id='word_1_69' title='bbox 892 721 965 777; x_wconf 78' lang='lat' dir='ltr'>seq..</span> 
     </span>
     <span class='ocr_line' id='line_1_10' title="bbox 250 786 321 826; baseline -0.014 -1"><span class='ocrx_word' id='word_1_70' title='bbox 250 786 321 826; x_wconf 90' lang='lat' dir='ltr'>mus.</span> 
     </span>
    </p>
   </div>
   <div class='ocr_carea' id='block_1_7' title="bbox 163 838 967 1484">
    <p class='ocr_par' dir='ltr' id='par_1_7' title="bbox 163 838 967 1484">
     <span class='ocr_line' id='line_1_11' title="bbox 202 838 963 918; baseline 0.008 -24"><span class='ocrx_word' id='word_1_71' title='bbox 202 838 346 913; x_wconf 74' lang='lat' dir='ltr'>Imperium</span> <span class='ocrx_word' id='word_1_72' title='bbox 357 860 402 913; x_wconf 88' lang='lat' dir='ltr'>per</span> <span class='ocrx_word' id='word_1_73' title='bbox 415 860 505 899; x_wconf 84' lang='lat' dir='ltr'>monus</span> <span class='ocrx_word' id='word_1_74' title='bbox 518 845 634 900; x_wconf 86' lang='lat' dir='ltr'>tradidit.</span> <span class='ocrx_word' id='word_1_75' title='bbox 650 846 782 901; x_wconf 81' lang='lat' dir='ltr'>Nimirum</span> <span class='ocrx_word' id='word_1_76' title='bbox 797 848 963 918; x_wconf 80' lang='lat' dir='ltr'>Augusteum.</span> 
     </span>
     <span class='ocr_line' id='line_1_12' title="bbox 166 909 967 984; baseline 0.009 -18"><span class='ocrx_word' id='word_1_77' title='bbox 166 909 222 966; x_wconf 84' lang='lat' dir='ltr'>Nec</span> <span class='ocrx_word' id='word_1_78' title='bbox 238 915 312 969; x_wconf 88' lang='lat' dir='ltr'>euim</span> <span class='ocrx_word' id='word_1_79' title='bbox 338 915 410 971; x_wconf 87' lang='lat' dir='ltr'>atiud</span> <span class='ocrx_word' id='word_1_80' title='bbox 425 917 526 984; x_wconf 85' lang='lat' dir='ltr'>imperii</span> <span class='ocrx_word' id='word_1_81' title='bbox 539 919 648 973; x_wconf 91' lang='lat' dir='ltr'>nomine</span> <span class='ocrx_word' id='word_1_82' title='bbox 668 919 737 973; x_wconf 89' lang='lat' dir='ltr'>solet</span> <span class='ocrx_word' id='word_1_83' title='bbox 750 917 880 973; x_wconf 79' lang='lat' dir='ltr'><strong>denotare</strong></span> <span class='ocrx_word' id='word_1_84' title='bbox 899 917 967 973; x_wconf 86' lang='lat' dir='ltr'>Lac·</span> 
     </span>
     <span class='ocr_line' id='line_1_13' title="bbox 167 984 967 1063; baseline 0.011 -27"><span class='ocrx_word' id='word_1_85' title='bbox 167 984 278 1063; x_wconf 83' lang='lat' dir='ltr'>tantitas.</span> <span class='ocrx_word' id='word_1_86' title='bbox 291 986 472 1050; x_wconf 78' lang='lat' dir='ltr'>Donwsusos,</span> <span class='ocrx_word' id='word_1_87' title='bbox 486 986 556 1042; x_wconf 79' lang='lat' dir='ltr'>Dies.</span> <span class='ocrx_word' id='word_1_88' title='bbox 569 988 648 1059; x_wconf 78' lang='lat' dir='ltr'>Cypr.</span> <span class='ocrx_word' id='word_1_89' title='bbox 660 1005 698 1054; x_wconf 83' lang='grc' dir='ltr'>ιι,</span> <span class='ocrx_word' id='word_1_90' title='bbox 709 1005 780 1042; x_wconf 88' lang='lat' dir='ltr'>num.</span> <span class='ocrx_word' id='word_1_91' title='bbox 795 987 880 1044; x_wconf 87' lang='lat'><strong>85.-</strong></span> <span class='ocrx_word' id='word_1_92' title='bbox 891 988 967 1045; x_wconf 88' lang='lat' dir='ltr'>Solet</span> 
     </span>
     <span class='ocr_line' id='line_1_14' title="bbox 166 1054 967 1129; baseline 0.01 -23"><span class='ocrx_word' id='word_1_93' title='bbox 166 1054 296 1125; x_wconf 79' lang='lat' dir='ltr'>quedem:</span> <span class='ocrx_word' id='word_1_94' title='bbox 313 1074 404 1113; x_wconf 81' lang='lat' dir='ltr'>terrun</span> <span class='ocrx_word' id='word_1_95' title='bbox 429 1069 458 1113; x_wconf 94' lang='lat' dir='ltr'>ut</span> <span class='ocrx_word' id='word_1_96' title='bbox 474 1057 619 1114; x_wconf 82' lang='lat' dir='ltr'>Cresurerme</span> <span class='ocrx_word' id='word_1_97' title='bbox 640 1075 747 1129; x_wconf 84' lang='lat' dir='ltr'>quoque</span> <span class='ocrx_word' id='word_1_98' title='bbox 771 1060 866 1115; x_wconf 70' lang='lat' dir='ltr'>caelent</span> <span class='ocrx_word' id='word_1_99' title='bbox 884 1076 967 1114; x_wconf 85' lang='lat' dir='ltr'>roco-</span> 
     </span>
     <span class='ocr_line' id='line_1_15' title="bbox 164 1124 966 1201; baseline 0.006 -20"><span class='ocrx_word' id='word_1_100' title='bbox 164 1124 232 1181; x_wconf 87' lang='lat' dir='ltr'>bulo</span> <span class='ocrx_word' id='word_1_101' title='bbox 256 1142 448 1201; x_wconf 84' lang='lat' dir='ltr'>nonuunquam</span> <span class='ocrx_word' id='word_1_102' title='bbox 469 1130 495 1184; x_wconf 89' lang='lat' dir='ltr'>iu</span> <span class='ocrx_word' id='word_1_103' title='bbox 519 1128 571 1185; x_wconf 81' lang='lat' dir='ltr'>luae</span> <span class='ocrx_word' id='word_1_104' title='bbox 589 1144 672 1199; x_wconf 89' lang='lat' dir='ltr'>opere</span> <span class='ocrx_word' id='word_1_105' title='bbox 693 1129 868 1200; x_wconf 68' lang='lat' dir='ltr'><strong>significetur.</strong></span> <span class='ocrx_word' id='word_1_106' title='bbox 889 1130 966 1199; x_wconf 82' lang='lat' dir='ltr'>Quod</span> 
     </span>
     <span class='ocr_line' id='line_1_16' title="bbox 165 1197 966 1272; baseline 0.006 -20"><span class='ocrx_word' id='word_1_107' title='bbox 165 1211 219 1252; x_wconf 90' lang='lat' dir='ltr'>uon</span> <span class='ocrx_word' id='word_1_108' title='bbox 236 1197 299 1254; x_wconf 89' lang='lat' dir='ltr'>ideo</span> <span class='ocrx_word' id='word_1_109' title='bbox 310 1200 382 1266; x_wconf 90' lang='lat' dir='ltr'>dico,</span> <span class='ocrx_word' id='word_1_110' title='bbox 397 1201 473 1266; x_wconf 86' lang='lat' dir='ltr'>quasi</span> <span class='ocrx_word' id='word_1_111' title='bbox 488 1217 559 1255; x_wconf 85' lang='lat' dir='ltr'>nntrc</span> <span class='ocrx_word' id='word_1_112' title='bbox 577 1212 698 1256; x_wconf 89' lang='lat' dir='ltr'>nostrum</span> <span class='ocrx_word' id='word_1_113' title='bbox 711 1202 745 1255; x_wconf 88' lang='lat' dir='ltr'>de</span> <span class='ocrx_word' id='word_1_114' title='bbox 762 1199 879 1256; x_wconf 83' lang='lat' dir='ltr'>Cesarea</span> <span class='ocrx_word' id='word_1_115' title='bbox 893 1202 966 1272; x_wconf 90' lang='lat' dir='ltr'>loqui</span> 
     </span>
     <span class='ocr_line' id='line_1_17' title="bbox 164 1267 967 1342; baseline 0.004 -18"><span class='ocrx_word' id='word_1_116' title='bbox 164 1267 340 1326; x_wconf 83' lang='lat' dir='ltr'>existimem:</span> <span class='ocrx_word' id='word_1_117' title='bbox 361 1270 408 1327; x_wconf 90' lang='lat' dir='ltr'>sed</span> <span class='ocrx_word' id='word_1_118' title='bbox 423 1272 597 1342; x_wconf 89' lang='lat' dir='ltr'>quodrerera</span> <span class='ocrx_word' id='word_1_119' title='bbox 620 1274 707 1341; x_wconf 89' lang='lat' dir='ltr'>capite</span> <span class='ocrx_word' id='word_1_120' title='bbox 730 1271 774 1338; x_wconf 84' lang='lat' dir='ltr'>ts,</span> <span class='ocrx_word' id='word_1_121' title='bbox 791 1288 852 1326; x_wconf 93' lang='lat' dir='ltr'>cum</span> <span class='ocrx_word' id='word_1_122' title='bbox 876 1273 910 1327; x_wconf 90' lang='lat' dir='ltr'>de</span> <span class='ocrx_word' id='word_1_123' title='bbox 931 1275 967 1327; x_wconf 86' lang='lat' dir='ltr'>ie-</span> 
     </span>
     <span class='ocr_line' id='line_1_18' title="bbox 163 1340 967 1414; baseline 0.006 -20"><span class='ocrx_word' id='word_1_124' title='bbox 163 1340 256 1410; x_wconf 78' lang='lat' dir='ltr'>gcudis</span> <span class='ocrx_word' id='word_1_125' title='bbox 268 1341 366 1397; x_wconf 82' lang='lat' dir='ltr'>duodus</span> <span class='ocrx_word' id='word_1_126' title='bbox 379 1341 521 1398; x_wconf 70' lang='lat' dir='ltr'>Cretonius</span> <span class='ocrx_word' id='word_1_127' title='bbox 530 1351 663 1414; x_wconf 74' lang='lat' dir='ltr'><strong>ageretur,</strong></span> <span class='ocrx_word' id='word_1_128' title='bbox 677 1353 704 1399; x_wconf 92' lang='grc' dir='ltr'>ιι</span> <span class='ocrx_word' id='word_1_129' title='bbox 715 1342 895 1411; x_wconf 72' lang='lat' dir='ltr'>Constantini,</span> <span class='ocrx_word' id='word_1_130' title='bbox 909 1353 967 1398; x_wconf 88' lang='lat' dir='ltr'>tan-</span> 
     </span>
     <span class='ocr_line' id='line_1_19' title="bbox 164 1413 967 1484; baseline 0.007 -20"><span class='ocrx_word' id='word_1_131' title='bbox 164 1427 242 1482; x_wconf 82' lang='lat' dir='ltr'>quam</span> <span class='ocrx_word' id='word_1_132' title='bbox 268 1414 313 1467; x_wconf 88' lang='lat' dir='ltr'>illo</span> <span class='ocrx_word' id='word_1_133' title='bbox 340 1414 442 1484; x_wconf 74' lang='lat' dir='ltr'>instipio</span> <span class='ocrx_word' id='word_1_134' title='bbox 463 1414 622 1481; x_wconf 83' lang='lat' dir='ltr'>diprrissimi,</span> <span class='ocrx_word' id='word_1_135' title='bbox 644 1413 742 1482; x_wconf 81' lang='lat' dir='ltr'>iniecta</span> <span class='ocrx_word' id='word_1_136' title='bbox 755 1413 967 1470; x_wconf 85' lang='lat' dir='ltr'>luissetmentio</span> 
     </span>
    </p>
   </div>
   <div class='ocr_carea' id='block_1_8' title="bbox 1015 420 1823 1484">
    <p class='ocr_par' dir='ltr' id='par_1_8' title="bbox 1015 420 1822 1186">
     <span class='ocr_line' id='line_1_20' title="bbox 1015 420 1818 493; baseline 0.014 -20"><span class='ocrx_word' id='word_1_137' title='bbox 1015 420 1127 477; x_wconf 77' lang='lat' dir='ltr'>adelcta</span> <span class='ocrx_word' id='word_1_138' title='bbox 1153 421 1300 491; x_wconf 76' lang='lat' dir='ltr'>Martyrum</span> <span class='ocrx_word' id='word_1_139' title='bbox 1312 422 1512 489; x_wconf 82' lang='lat' dir='ltr'>Praelatinnem,</span> <span class='ocrx_word' id='word_1_140' title='bbox 1534 425 1560 479; x_wconf 92' lang='lat' dir='ltr'>in</span> <span class='ocrx_word' id='word_1_141' title='bbox 1579 440 1631 493; x_wconf 91' lang='lat' dir='ltr'>qna</span> <span class='ocrx_word' id='word_1_142' title='bbox 1652 427 1752 482; x_wconf 77' lang='lat' dir='ltr'>urbam</span> <span class='ocrx_word' id='word_1_143' title='bbox 1770 429 1818 484; x_wconf 83' lang='lat' dir='ltr'>eat</span> 
     </span>
     <span class='ocr_line' id='line_1_21' title="bbox 1017 492 1820 570; baseline 0.015 -25"><span class='ocrx_word' id='word_1_144' title='bbox 1017 492 1160 547; x_wconf 84' lang='lat' dir='ltr'>Constantii</span> <span class='ocrx_word' id='word_1_145' title='bbox 1185 494 1332 563; x_wconf 87' lang='lat' dir='ltr'>principatu</span> <span class='ocrx_word' id='word_1_146' title='bbox 1355 492 1498 566; x_wconf 78' lang='lat' dir='ltr'>Martyrem</span> <span class='ocrx_word' id='word_1_147' title='bbox 1512 496 1625 551; x_wconf 73' lang='lat' dir='ltr'>extitisse</span> <span class='ocrx_word' id='word_1_148' title='bbox 1647 506 1689 552; x_wconf 86' lang='lat' dir='ltr'>sat</span> <span class='ocrx_word' id='word_1_149' title='bbox 1704 500 1820 570; x_wconf 87' lang='lat' dir='ltr'>ingenue</span> 
     </span>
     <span class='ocr_line' id='line_1_22' title="bbox 1016 563 1819 635; baseline 0.011 -17"><span class='ocrx_word' id='word_1_150' title='bbox 1016 563 1150 626; x_wconf 87' lang='lat' dir='ltr'>concedit,</span> <span class='ocrx_word' id='word_1_151' title='bbox 1165 579 1241 619; x_wconf 89' lang='lat' dir='ltr'>sacra</span> <span class='ocrx_word' id='word_1_152' title='bbox 1254 572 1356 618; x_wconf 89' lang='lat' dir='ltr'>tantum</span> <span class='ocrx_word' id='word_1_153' title='bbox 1369 567 1633 635; x_wconf 65' lang='lat' dir='ltr'>conventionisque</span> <span class='ocrx_word' id='word_1_154' title='bbox 1645 565 1819 627; x_wconf 74' lang='lat' dir='ltr'>Constantius</span> 
     </span>
     <span class='ocr_line' id='line_1_23' title="bbox 1016 634 1821 710; baseline 0.007 -20"><span class='ocrx_word' id='word_1_155' title='bbox 1016 634 1089 690; x_wconf 91' lang='lat' dir='ltr'>dirui</span> <span class='ocrx_word' id='word_1_156' title='bbox 1105 648 1199 704; x_wconf 85' lang='lat' dir='ltr'>passus</span> <span class='ocrx_word' id='word_1_157' title='bbox 1212 642 1264 700; x_wconf 90' lang='lat' dir='ltr'>est,</span> <span class='ocrx_word' id='word_1_158' title='bbox 1277 645 1305 689; x_wconf 90' lang='lat' dir='ltr'>et</span> <span class='ocrx_word' id='word_1_159' title='bbox 1321 636 1477 692; x_wconf 76' lang='lat' dir='ltr'>Diocletiani</span> <span class='ocrx_word' id='word_1_160' title='bbox 1493 636 1591 702; x_wconf 91' lang='lat' dir='ltr'>edicta,</span> <span class='ocrx_word' id='word_1_161' title='bbox 1617 654 1688 709; x_wconf 74' lang='lat' dir='ltr'>qum,</span> <span class='ocrx_word' id='word_1_162' title='bbox 1703 652 1821 710; x_wconf 73' lang='lat' dir='ltr'>pernente</span> 
     </span>
     <span class='ocr_line' id='line_1_24' title="bbox 1018 704 1821 770; baseline 0.012 -11"><span class='ocrx_word' id='word_1_163' title='bbox 1018 704 1160 768; x_wconf 81' lang='lat' dir='ltr'>Ruinarto,</span> <span class='ocrx_word' id='word_1_164' title='bbox 1176 706 1226 761; x_wconf 93' lang='lat' dir='ltr'>sub</span> <span class='ocrx_word' id='word_1_165' title='bbox 1250 705 1346 760; x_wconf 89' lang='lat' dir='ltr'>eodem</span> <span class='ocrx_word' id='word_1_166' title='bbox 1366 705 1524 763; x_wconf 90' lang='lat' dir='ltr'>Constantio</span> <span class='ocrx_word' id='word_1_167' title='bbox 1546 709 1634 765; x_wconf 86' lang='lat' dir='ltr'>adbuc</span> <span class='ocrx_word' id='word_1_168' title='bbox 1658 708 1767 768; x_wconf 79' lang='lat' dir='ltr'>caesare</span> <span class='ocrx_word' id='word_1_169' title='bbox 1792 713 1821 770; x_wconf 89' lang='lat' dir='ltr'>iu</span> 
     </span>
     <span class='ocr_line' id='line_1_25' title="bbox 1018 775 1821 853; baseline 0.009 -20"><span class='ocrx_word' id='word_1_170' title='bbox 1018 775 1112 833; x_wconf 89' lang='lat' dir='ltr'>Galliis</span> <span class='ocrx_word' id='word_1_171' title='bbox 1128 776 1262 846; x_wconf 87' lang='lat' dir='ltr'>publicata</span> <span class='ocrx_word' id='word_1_172' title='bbox 1277 787 1350 843; x_wconf 91' lang='lat' dir='ltr'>sunt,</span> <span class='ocrx_word' id='word_1_173' title='bbox 1366 779 1456 834; x_wconf 91' lang='lat' dir='ltr'>necab</span> <span class='ocrx_word' id='word_1_174' title='bbox 1466 780 1523 843; x_wconf 88' lang='lat' dir='ltr'>illo,</span> <span class='ocrx_word' id='word_1_175' title='bbox 1531 790 1673 850; x_wconf 84' lang='lat' dir='ltr'>postquam</span> <span class='ocrx_word' id='word_1_176' title='bbox 1684 784 1821 853; x_wconf 78' lang='lat' dir='ltr'>Augustus</span> 
     </span>
     <span class='ocr_line' id='line_1_26' title="bbox 1019 847 1818 924; baseline 0.01 -23"><span class='ocrx_word' id='word_1_177' title='bbox 1019 847 1170 912; x_wconf 75' lang='lat' dir='ltr'>factumest,</span> <span class='ocrx_word' id='word_1_178' title='bbox 1199 858 1335 913; x_wconf 79' lang='lat' dir='ltr'>revocata,</span> <span class='ocrx_word' id='word_1_179' title='bbox 1359 848 1493 905; x_wconf 81' lang='lat' dir='ltr'>adversus</span> <span class='ocrx_word' id='word_1_180' title='bbox 1521 849 1688 907; x_wconf 85' lang='lat' dir='ltr'>Dodwellnm</span> <span class='ocrx_word' id='word_1_181' title='bbox 1709 869 1818 924; x_wconf 89' lang='lat' dir='ltr'>urgens.</span> 
     </span>
     <span class='ocr_line' id='line_1_27' title="bbox 1018 918 1820 994; baseline 0.015 -24"><span class='ocrx_word' id='word_1_182' title='bbox 1018 918 1085 986; x_wconf 81' lang='lat' dir='ltr'>erae</span> <span class='ocrx_word' id='word_1_183' title='bbox 1096 918 1228 988; x_wconf 87' lang='lat' dir='ltr'>Principis</span> <span class='ocrx_word' id='word_1_184' title='bbox 1240 918 1347 988; x_wconf 88' lang='lat' dir='ltr'>quidem</span> <span class='ocrx_word' id='word_1_185' title='bbox 1363 920 1474 975; x_wconf 88' lang='lat' dir='ltr'>nimium</span> <span class='ocrx_word' id='word_1_186' title='bbox 1501 920 1598 985; x_wconf 82' lang='lat' dir='ltr'>tacitis,</span> <span class='ocrx_word' id='word_1_187' title='bbox 1616 937 1666 978; x_wconf 90' lang='lat' dir='ltr'>ncc</span> <span class='ocrx_word' id='word_1_188' title='bbox 1690 939 1820 994; x_wconf 89' lang='lat' dir='ltr'>persecu·</span> 
     </span>
     <span class='ocr_line' id='line_1_28' title="bbox 1020 990 1822 1064; baseline 0.01 -21"><span class='ocrx_word' id='word_1_189' title='bbox 1020 990 1098 1051; x_wconf 86' lang='lat' dir='ltr'>ttoni,</span> <span class='ocrx_word' id='word_1_190' title='bbox 1114 999 1143 1043; x_wconf 92' lang='lat' dir='ltr'>ut</span> <span class='ocrx_word' id='word_1_191' title='bbox 1156 992 1289 1060; x_wconf 87' lang='lat' dir='ltr'>oportuit,</span> <span class='ocrx_word' id='word_1_192' title='bbox 1314 990 1473 1047; x_wconf 88' lang='lat' dir='ltr'>obsistentis</span> <span class='ocrx_word' id='word_1_193' title='bbox 1487 1005 1549 1048; x_wconf 89' lang='lat' dir='ltr'>esse</span> <span class='ocrx_word' id='word_1_194' title='bbox 1571 1001 1700 1064; x_wconf 85' lang='lat' dir='ltr'>possunt.</span> <span class='ocrx_word' id='word_1_195' title='bbox 1716 1005 1743 1050; x_wconf 91' lang='lat' dir='ltr'>at</span> <span class='ocrx_word' id='word_1_196' title='bbox 1767 1012 1822 1052; x_wconf 93' lang='lat' dir='ltr'>non</span> 
     </span>
     <span class='ocr_line' id='line_1_29' title="bbox 1019 1059 1821 1135; baseline 0.007 -19"><span class='ocrx_word' id='word_1_197' title='bbox 1019 1059 1111 1116; x_wconf 88' lang='lat' dir='ltr'>itidem</span> <span class='ocrx_word' id='word_1_198' title='bbox 1125 1060 1323 1133; x_wconf 90' lang='lat' dir='ltr'>persequentis.</span> <span class='ocrx_word' id='word_1_199' title='bbox 1335 1062 1392 1129; x_wconf 80' lang='lat' dir='ltr'>Qua</span> <span class='ocrx_word' id='word_1_200' title='bbox 1404 1063 1438 1119; x_wconf 92' lang='lat' dir='ltr'>de</span> <span class='ocrx_word' id='word_1_201' title='bbox 1451 1078 1481 1118; x_wconf 91' lang='lat' dir='ltr'>re</span> <span class='ocrx_word' id='word_1_202' title='bbox 1497 1064 1552 1133; x_wconf 83' lang='lat' dir='ltr'>jam</span> <span class='ocrx_word' id='word_1_203' title='bbox 1566 1077 1645 1120; x_wconf 88' lang='lat' dir='ltr'>antea</span> <span class='ocrx_word' id='word_1_204' title='bbox 1661 1065 1737 1135; x_wconf 89' lang='lat' dir='ltr'>plura</span> <span class='ocrx_word' id='word_1_205' title='bbox 1750 1066 1821 1123; x_wconf 85' lang='lat' dir='ltr'>dixi·</span> 
     </span>
     <span class='ocr_line' id='line_1_30' title="bbox 1021 1145 1091 1186; baseline -0.029 0"><span class='ocrx_word' id='word_1_206' title='bbox 1021 1145 1091 1186; x_wconf 78' lang='lat' dir='ltr'>rrius.</span> 
     </span>
    </p>

    <p class='ocr_par' dir='ltr' id='par_1_9' title="bbox 1021 1200 1823 1484">
     <span class='ocr_line' id='line_1_31' title="bbox 1055 1200 1820 1275; baseline 0.012 -19"><span class='ocrx_word' id='word_1_207' title='bbox 1055 1201 1200 1265; x_wconf 69' lang='lat' dir='ltr'>Carenem,</span> <span class='ocrx_word' id='word_1_208' title='bbox 1224 1200 1413 1259; x_wconf 90' lang='lat' dir='ltr'>Constantium</span> <span class='ocrx_word' id='word_1_209' title='bbox 1435 1204 1565 1262; x_wconf 88' lang='lat' dir='ltr'>Cblornm</span> <span class='ocrx_word' id='word_1_210' title='bbox 1590 1222 1661 1262; x_wconf 90' lang='lat' dir='ltr'>anno</span> <span class='ocrx_word' id='word_1_211' title='bbox 1676 1207 1740 1262; x_wconf 87' lang='lat' dir='ltr'>Cbr.</span> <span class='ocrx_word' id='word_1_212' title='bbox 1756 1209 1820 1275; x_wconf 80' lang='lat' dir='ltr'>sod,</span> 
     </span>
     <span class='ocr_line' id='line_1_32' title="bbox 1022 1272 1823 1344; baseline 0.01 -17"><span class='ocrx_word' id='word_1_213' title='bbox 1022 1288 1069 1328; x_wconf 90' lang='grc' dir='ltr'>ιιιι</span> <span class='ocrx_word' id='word_1_214' title='bbox 1084 1272 1197 1328; x_wconf 83' lang='lat' dir='ltr'>Kalend.</span> <span class='ocrx_word' id='word_1_215' title='bbox 1213 1272 1323 1344; x_wconf 77' lang='lat' dir='ltr'>August.</span> <span class='ocrx_word' id='word_1_216' title='bbox 1341 1285 1369 1329; x_wconf 94' lang='lat' dir='ltr'>ut</span> <span class='ocrx_word' id='word_1_217' title='bbox 1388 1275 1487 1332; x_wconf 85' lang='lat' dir='ltr'>babent</span> <span class='ocrx_word' id='word_1_218' title='bbox 1507 1276 1610 1333; x_wconf 83' lang='lat' dir='ltr'>idacius</span> <span class='ocrx_word' id='word_1_219' title='bbox 1636 1280 1662 1333; x_wconf 92' lang='lat' dir='ltr'>in</span> <span class='ocrx_word' id='word_1_220' title='bbox 1688 1278 1775 1333; x_wconf 83' lang='lat' dir='ltr'>Fastis</span> <span class='ocrx_word' id='word_1_221' title='bbox 1794 1289 1823 1335; x_wconf 94' lang='lat' dir='ltr'>et</span> 
     </span>
     <span class='ocr_line' id='line_1_33' title="bbox 1021 1343 1821 1422; baseline 0.008 -22"><span class='ocrx_word' id='word_1_222' title='bbox 1021 1344 1157 1412; x_wconf 80' lang='lat' dir='ltr'><strong>Socrates,</strong></span> <span class='ocrx_word' id='word_1_223' title='bbox 1173 1346 1225 1398; x_wconf 86' lang='lat' dir='ltr'>rita</span> <span class='ocrx_word' id='word_1_224' title='bbox 1241 1343 1362 1400; x_wconf 83' lang='lat' dir='ltr'>iunctum</span> <span class='ocrx_word' id='word_1_225' title='bbox 1377 1361 1449 1411; x_wconf 86' lang='lat' dir='ltr'>esse,</span> <span class='ocrx_word' id='word_1_226' title='bbox 1470 1363 1530 1418; x_wconf 85' lang='lat' dir='ltr'>qnae</span> <span class='ocrx_word' id='word_1_227' title='bbox 1550 1349 1576 1402; x_wconf 88' lang='lat' dir='ltr'>io</span> <span class='ocrx_word' id='word_1_228' title='bbox 1595 1348 1707 1404; x_wconf 91' lang='lat' dir='ltr'>Dissert.</span> <span class='ocrx_word' id='word_1_229' title='bbox 1725 1350 1821 1422; x_wconf 87' lang='lat' dir='ltr'>llypat.</span> 
     </span>
     <span class='ocr_line' id='line_1_34' title="bbox 1021 1415 1822 1484; baseline 0.007 -14"><span class='ocrx_word' id='word_1_230' title='bbox 1021 1416 1110 1484; x_wconf 89' lang='lat' dir='ltr'>capite</span> <span class='ocrx_word' id='word_1_231' title='bbox 1122 1415 1149 1482; x_wconf 63' lang='grc' dir='ltr'>Ξ,</span> <span class='ocrx_word' id='word_1_232' title='bbox 1162 1431 1235 1470; x_wconf 92' lang='lat' dir='ltr'>num.</span> <span class='ocrx_word' id='word_1_233' title='bbox 1254 1416 1297 1482; x_wconf 81' lang='lat' dir='ltr'>ta,</span> <span class='ocrx_word' id='word_1_234' title='bbox 1311 1418 1338 1471; x_wconf 92' lang='lat' dir='ltr'>in</span> <span class='ocrx_word' id='word_1_235' title='bbox 1355 1418 1472 1473; x_wconf 89' lang='lat' dir='ltr'>medium</span> <span class='ocrx_word' id='word_1_236' title='bbox 1488 1419 1599 1481; x_wconf 86' lang='lat' dir='ltr'>adduxi.</span> <span class='ocrx_word' id='word_1_237' title='bbox 1620 1421 1759 1475; x_wconf 81' lang='lat' dir='ltr'>evincunt.</span> <span class='ocrx_word' id='word_1_238' title='bbox 1770 1421 1822 1477; x_wconf 83' lang='lat' dir='ltr'>De·</span> 
     </span>
    </p>
   </div>
   <div class='ocr_carea' id='block_1_9' title="bbox 152 1483 1848 3551">
    <p class='ocr_par' dir='ltr' id='par_1_10' title="bbox 152 1483 1848 3551">
     <span class='ocr_line' id='line_1_35' title="bbox 165 1483 1824 1557; baseline 0.007 -19"><span class='ocrx_word' id='word_1_239' title='bbox 165 1497 215 1549; x_wconf 84' lang='lat' dir='ltr'>per</span> <span class='ocrx_word' id='word_1_240' title='bbox 242 1483 448 1548; x_wconf 84' lang='lat' dir='ltr'>Diocletianum,</span> <span class='ocrx_word' id='word_1_241' title='bbox 473 1483 597 1541; x_wconf 89' lang='lat' dir='ltr'>Calcrius</span> <span class='ocrx_word' id='word_1_242' title='bbox 630 1483 690 1540; x_wconf 92' lang='lat' dir='ltr'>sine</span> <span class='ocrx_word' id='word_1_243' title='bbox 716 1501 791 1539; x_wconf 74' lang='lat' dir='ltr'>mana</span> <span class='ocrx_word' id='word_1_244' title='bbox 814 1484 966 1541; x_wconf 82' lang='lat' dir='ltr'>Caesaream</span> <span class='ocrx_word' id='word_1_245' title='bbox 1021 1501 1084 1554; x_wconf 91' lang='lat' dir='ltr'>que,</span> <span class='ocrx_word' id='word_1_246' title='bbox 1100 1495 1129 1540; x_wconf 94' lang='lat' dir='ltr'>nt</span> <span class='ocrx_word' id='word_1_247' title='bbox 1140 1495 1268 1555; x_wconf 87' lang='lat' dir='ltr'>putarunt</span> <span class='ocrx_word' id='word_1_248' title='bbox 1282 1489 1423 1557; x_wconf 85' lang='lat' dir='ltr'>altquiriri</span> <span class='ocrx_word' id='word_1_249' title='bbox 1438 1489 1598 1557; x_wconf 84' lang='lat' dir='ltr'>doctissimi,</span> <span class='ocrx_word' id='word_1_250' title='bbox 1614 1492 1767 1547; x_wconf 91' lang='lat' dir='ltr'>contrarius</span> <span class='ocrx_word' id='word_1_251' title='bbox 1780 1503 1824 1549; x_wconf 87' lang='lat' dir='ltr'>est</span> 
     </span>
     <span class='ocr_line' id='line_1_36' title="bbox 165 1551 1825 1628; baseline 0.007 -20"><span class='ocrx_word' id='word_1_252' title='bbox 165 1551 238 1608; x_wconf 91' lang='lat' dir='ltr'>illam</span> <span class='ocrx_word' id='word_1_253' title='bbox 259 1565 417 1624; x_wconf 89' lang='lat' dir='ltr'>potestatem</span> <span class='ocrx_word' id='word_1_254' title='bbox 437 1556 550 1611; x_wconf 92' lang='lat' dir='ltr'>rotunda</span> <span class='ocrx_word' id='word_1_255' title='bbox 567 1556 668 1625; x_wconf 82' lang='lat' dir='ltr'>imperii</span> <span class='ocrx_word' id='word_1_256' title='bbox 687 1555 867 1627; x_wconf 76' lang='lat' dir='ltr'>appellatione</span> <span class='ocrx_word' id='word_1_257' title='bbox 881 1555 967 1611; x_wconf 90' lang='lat' dir='ltr'>dona·</span> <span class='ocrx_word' id='word_1_258' title='bbox 1022 1556 1150 1612; x_wconf 83' lang='lat' dir='ltr'>Socrates</span> <span class='ocrx_word' id='word_1_259' title='bbox 1160 1557 1187 1611; x_wconf 91' lang='lat' dir='ltr'>in</span> <span class='ocrx_word' id='word_1_260' title='bbox 1197 1557 1268 1611; x_wconf 91' lang='lat' dir='ltr'>libro</span> <span class='ocrx_word' id='word_1_261' title='bbox 1281 1574 1302 1622; x_wconf 90' lang='lat' dir='ltr'>r,</span> <span class='ocrx_word' id='word_1_262' title='bbox 1316 1561 1403 1628; x_wconf 89' lang='lat' dir='ltr'>capite</span> <span class='ocrx_word' id='word_1_263' title='bbox 1418 1559 1444 1627; x_wconf 92' lang='lat' dir='ltr'>l,</span> <span class='ocrx_word' id='word_1_264' title='bbox 1456 1561 1501 1614; x_wconf 93' lang='lat' dir='ltr'>ubi</span> <span class='ocrx_word' id='word_1_265' title='bbox 1511 1560 1628 1628; x_wconf 87' lang='lat' dir='ltr'>ait,enm</span> <span class='ocrx_word' id='word_1_266' title='bbox 1640 1561 1711 1616; x_wconf 90' lang='lat' dir='ltr'>diem</span> <span class='ocrx_word' id='word_1_267' title='bbox 1723 1562 1825 1621; x_wconf 88' lang='lat' dir='ltr'>obiisse</span> 
     </span>
     <span class='ocr_line' id='line_1_37' title="bbox 163 1625 1824 1702; baseline 0.005 -23"><span class='ocrx_word' id='word_1_268' title='bbox 163 1627 234 1680; x_wconf 80' lang='lat' dir='ltr'>verit</span> <span class='ocrx_word' id='word_1_269' title='bbox 259 1626 301 1681; x_wconf 88' lang='lat' dir='ltr'>bis</span> <span class='ocrx_word' id='word_1_270' title='bbox 315 1626 422 1682; x_wconf 84' lang='lat' dir='ltr'>verbis:</span> <span class='ocrx_word' id='word_1_271' title='bbox 438 1625 538 1699; x_wconf 81' lang='lat' dir='ltr'>Dignus</span> <span class='ocrx_word' id='word_1_272' title='bbox 551 1643 602 1680; x_wconf 87' lang='lat' dir='ltr'>rtorr</span> <span class='ocrx_word' id='word_1_273' title='bbox 618 1637 664 1680; x_wconf 89' lang='lat' dir='ltr'>cst.</span> <span class='ocrx_word' id='word_1_274' title='bbox 682 1628 732 1692; x_wconf 78' lang='lat' dir='ltr'>Qui</span> <span class='ocrx_word' id='word_1_275' title='bbox 745 1629 812 1682; x_wconf 87' lang='lat' dir='ltr'>cuim</span> <span class='ocrx_word' id='word_1_276' title='bbox 827 1644 867 1680; x_wconf 86' lang='lat' dir='ltr'>rue</span> <span class='ocrx_word' id='word_1_277' title='bbox 880 1629 967 1698; x_wconf 78' lang='lat' dir='ltr'>priua·</span> <span class='ocrx_word' id='word_1_278' title='bbox 1023 1627 1291 1698; x_wconf 82' lang='lat' dir='ltr'>primoduccutcsimce</span> <span class='ocrx_word' id='word_1_279' title='bbox 1303 1645 1334 1681; x_wconf 87' lang='lat' dir='ltr'>ac</span> <span class='ocrx_word' id='word_1_280' title='bbox 1349 1631 1543 1701; x_wconf 79' lang='lat' dir='ltr'>septuagesimm</span> <span class='ocrx_word' id='word_1_281' title='bbox 1555 1631 1645 1699; x_wconf 79' lang='lat' dir='ltr'>prinus</span> <span class='ocrx_word' id='word_1_282' title='bbox 1660 1631 1693 1686; x_wconf 87' lang='lat' dir='ltr'>ut</span> <span class='ocrx_word' id='word_1_283' title='bbox 1713 1634 1824 1702; x_wconf 86' lang='lat' dir='ltr'>mpiadis</span> 
     </span>
     <span class='ocr_line' id='line_1_38' title="bbox 165 1649 1825 1769; baseline 0.006 -19"><span class='ocrx_word' id='word_1_284' title='bbox 165 1703 207 1751; x_wconf 80' lang='lat' dir='ltr'>tus</span> <span class='ocrx_word' id='word_1_285' title='bbox 226 1699 393 1767; x_wconf 86' lang='lat' dir='ltr'>contempsit,</span> <span class='ocrx_word' id='word_1_286' title='bbox 411 1698 472 1769; x_wconf 88' lang='lat' dir='ltr'>quid</span> <span class='ocrx_word' id='word_1_287' title='bbox 494 1699 568 1767; x_wconf 76' lang='lat' dir='ltr'>saciet</span> <span class='ocrx_word' id='word_1_288' title='bbox 589 1714 647 1751; x_wconf 77' lang='lat' dir='ltr'>erem</span> <span class='ocrx_word' id='word_1_289' title='bbox 672 1697 807 1769; x_wconf 85' lang='lat' dir='ltr'>imperinm</span> <span class='ocrx_word' id='word_1_290' title='bbox 826 1699 969 1769; x_wconf 79' lang='lat' dir='ltr'>acceperit?</span> <span class='ocrx_word' id='word_1_291' title='bbox 1023 1716 1102 1766; x_wconf 84' lang='lat' dir='ltr'>errrto,</span> <span class='ocrx_word' id='word_1_292' title='bbox 1115 1699 1160 1765; x_wconf 72' lang='lat' dir='ltr'>riui</span> <span class='ocrx_word' id='word_1_293' title='bbox 1174 1702 1291 1754; x_wconf 88' lang='lat' dir='ltr'>currenti</span> <span class='ocrx_word' id='word_1_294' title='bbox 1305 1697 1404 1755; x_wconf 77' lang='lat' dir='ltr'>Christi</span> <span class='ocrx_word' id='word_1_295' title='bbox 1419 1717 1491 1756; x_wconf 85' lang='lat' dir='ltr'>artno</span> <span class='ocrx_word' id='word_1_296' title='bbox 1503 1701 1567 1763; x_wconf 74' lang='lat'><strong>306.</strong></span> <span class='ocrx_word' id='word_1_297' title='bbox 1584 1717 1677 1758; x_wconf 90' lang='lat' dir='ltr'>mense</span> <span class='ocrx_word' id='word_1_298' title='bbox 1689 1649 1762 1757; x_wconf 57' lang='lat' dir='ltr'>iulio</span> <span class='ocrx_word' id='word_1_299' title='bbox 1774 1705 1825 1760; x_wconf 91' lang='lat' dir='ltr'>ab·</span> 
     </span>
     <span class='ocr_line' id='line_1_39' title="bbox 163 1766 1823 1843; baseline 0.004 -20"><span class='ocrx_word' id='word_1_300' title='bbox 163 1766 222 1823; x_wconf 79' lang='lat' dir='ltr'>Non</span> <span class='ocrx_word' id='word_1_301' title='bbox 249 1780 377 1840; x_wconf 89' lang='lat' dir='ltr'>perpetua</span> <span class='ocrx_word' id='word_1_302' title='bbox 396 1774 485 1836; x_wconf 86' lang='lat' dir='ltr'>itaque</span> <span class='ocrx_word' id='word_1_303' title='bbox 500 1768 558 1838; x_wconf 85' lang='lat' dir='ltr'>ejus</span> <span class='ocrx_word' id='word_1_304' title='bbox 573 1769 647 1823; x_wconf 85' lang='lat' dir='ltr'>voris</span> <span class='ocrx_word' id='word_1_305' title='bbox 662 1769 800 1839; x_wconf 75' lang='lat' dir='ltr'>usurpatio</span> <span class='ocrx_word' id='word_1_306' title='bbox 815 1770 885 1839; x_wconf 91' lang='lat' dir='ltr'>apud</span> <span class='ocrx_word' id='word_1_307' title='bbox 900 1770 969 1824; x_wconf 87' lang='grc' dir='ltr'>Ιιιιιιι</span> <span class='ocrx_word' id='word_1_308' title='bbox 1023 1770 1145 1824; x_wconf 82' lang='grc' dir='ltr'>ιιιιίιιιι,</span> <span class='ocrx_word' id='word_1_309' title='bbox 1162 1769 1229 1824; x_wconf 89' lang='lat' dir='ltr'>Nam</span> <span class='ocrx_word' id='word_1_310' title='bbox 1243 1769 1379 1833; x_wconf 71' lang='lat' dir='ltr'>Socraues,</span> <span class='ocrx_word' id='word_1_311' title='bbox 1393 1773 1537 1827; x_wconf 85' lang='lat' dir='ltr'>multorum</span> <span class='ocrx_word' id='word_1_312' title='bbox 1550 1771 1726 1829; x_wconf 84' lang='lat' dir='ltr'>Orientalium</span> <span class='ocrx_word' id='word_1_313' title='bbox 1736 1791 1823 1843; x_wconf 87' lang='lat' dir='ltr'>tnnre,</span> 
     </span>
     <span class='ocr_line' id='line_1_40' title="bbox 163 1838 1824 1941; baseline 0.005 -48"><span class='ocrx_word' id='word_1_314' title='bbox 163 1841 324 1910; x_wconf 84' lang='lat' dir='ltr'>scriptorem</span> <span class='ocrx_word' id='word_1_315' title='bbox 352 1839 387 1895; x_wconf 90' lang='lat' dir='ltr'>dc</span> <span class='ocrx_word' id='word_1_316' title='bbox 410 1838 523 1911; x_wconf 85' lang='lat' dir='ltr'>lmprrio</span> <span class='ocrx_word' id='word_1_317' title='bbox 545 1840 675 1912; x_wconf 80' lang='lat' dir='ltr'>Argusteo</span> <span class='ocrx_word' id='word_1_318' title='bbox 697 1857 707 1894; x_wconf 88' lang='lat'><em>:</em></span> <span class='ocrx_word' id='word_1_319' title='bbox 732 1840 780 1895; x_wconf 88' lang='lat' dir='ltr'>sed</span> <span class='ocrx_word' id='word_1_320' title='bbox 811 1841 901 1895; x_wconf 86' lang='lat' dir='ltr'>varius</span> <span class='ocrx_word' id='word_1_321' title='bbox 928 1849 970 1896; x_wconf 89' lang='lat' dir='ltr'>est</span> <span class='ocrx_word' id='word_1_322' title='bbox 986 1842 1068 1941; x_wconf 85' lang='lat' dir='ltr'>Bqui</span> <span class='ocrx_word' id='word_1_323' title='bbox 1083 1856 1152 1895; x_wconf 78' lang='lat' dir='ltr'>:cras</span> <span class='ocrx_word' id='word_1_324' title='bbox 1165 1856 1260 1895; x_wconf 87' lang='lat' dir='ltr'>ontnes</span> <span class='ocrx_word' id='word_1_325' title='bbox 1270 1844 1514 1912; x_wconf 87' lang='lat' dir='ltr'>rnenseseptembri</span> <span class='ocrx_word' id='word_1_326' title='bbox 1526 1844 1708 1914; x_wconf 89' lang='lat' dir='ltr'>auspicantur,</span> <span class='ocrx_word' id='word_1_327' title='bbox 1723 1861 1824 1902; x_wconf 89' lang='lat' dir='ltr'>annum</span> 
     </span>
     <span class='ocr_line' id='line_1_41' title="bbox 161 1908 1826 1986; baseline 0.004 -21"><span class='ocrx_word' id='word_1_328' title='bbox 161 1908 235 1966; x_wconf 88' lang='lat' dir='ltr'>illins</span> <span class='ocrx_word' id='word_1_329' title='bbox 251 1926 325 1967; x_wconf 91' lang='lat' dir='ltr'>usus.</span> <span class='ocrx_word' id='word_1_330' title='bbox 1024 1912 1172 1967; x_wconf 91' lang='lat' dir='ltr'>secundum</span> <span class='ocrx_word' id='word_1_331' title='bbox 1186 1909 1353 1982; x_wconf 72' lang='lat' dir='ltr'>Olympiadis</span> <span class='ocrx_word' id='word_1_332' title='bbox 1363 1927 1462 1969; x_wconf 85' lang='lat' dir='ltr'>ccnxrr</span> <span class='ocrx_word' id='word_1_333' title='bbox 1476 1929 1569 1970; x_wconf 86' lang='lat' dir='ltr'>trrense</span> <span class='ocrx_word' id='word_1_334' title='bbox 1582 1927 1685 1969; x_wconf 90' lang='lat' dir='ltr'>tantum</span> <span class='ocrx_word' id='word_1_335' title='bbox 1701 1914 1826 1986; x_wconf 89' lang='lat' dir='ltr'>Septem·</span> 
     </span>
     <span class='ocr_line' id='line_1_42' title="bbox 198 1980 1826 2053; baseline 0.004 -18"><span class='ocrx_word' id='word_1_336' title='bbox 198 1982 283 2053; x_wconf 82' lang='lat' dir='ltr'>Atque</span> <span class='ocrx_word' id='word_1_337' title='bbox 301 1986 353 2047; x_wconf 84' lang='lat' dir='ltr'>ita,</span> <span class='ocrx_word' id='word_1_338' title='bbox 376 1992 429 2038; x_wconf 89' lang='lat' dir='ltr'>etc.</span> <span class='ocrx_word' id='word_1_339' title='bbox 449 1980 506 2036; x_wconf 91' lang='lat' dir='ltr'>lloc</span> <span class='ocrx_word' id='word_1_340' title='bbox 528 1989 584 2045; x_wconf 87' lang='lat' dir='ltr'>est,</span> <span class='ocrx_word' id='word_1_341' title='bbox 609 1989 688 2053; x_wconf 89' lang='lat' dir='ltr'>atque</span> <span class='ocrx_word' id='word_1_342' title='bbox 713 1997 746 2036; x_wconf 89' lang='lat' dir='ltr'>eo</span> <span class='ocrx_word' id='word_1_343' title='bbox 771 1989 859 2050; x_wconf 89' lang='lat' dir='ltr'>pacto.</span> <span class='ocrx_word' id='word_1_344' title='bbox 880 1980 972 2052; x_wconf 86' lang='lat' dir='ltr'>Deque</span> <span class='ocrx_word' id='word_1_345' title='bbox 1024 1981 1067 2038; x_wconf 90' lang='lat' dir='ltr'>bri</span> <span class='ocrx_word' id='word_1_346' title='bbox 1080 1982 1158 2053; x_wconf 81' lang='lat' dir='ltr'>hujus</span> <span class='ocrx_word' id='word_1_347' title='bbox 1172 1981 1272 2037; x_wconf 86' lang='lat' dir='ltr'>Christi</span> <span class='ocrx_word' id='word_1_348' title='bbox 1283 1983 1345 2036; x_wconf 76' lang='lat' dir='ltr'>aneti</span> <span class='ocrx_word' id='word_1_349' title='bbox 1359 1982 1479 2049; x_wconf 90' lang='lat' dir='ltr'>incbnat,</span> <span class='ocrx_word' id='word_1_350' title='bbox 1493 1997 1522 2039; x_wconf 91' lang='lat' dir='ltr'>nt</span> <span class='ocrx_word' id='word_1_351' title='bbox 1534 1985 1597 2040; x_wconf 88' lang='lat' dir='ltr'>alibi</span> <span class='ocrx_word' id='word_1_352' title='bbox 1618 1986 1742 2041; x_wconf 81' lang='lat' dir='ltr'>ostendo.</span> <span class='ocrx_word' id='word_1_353' title='bbox 1758 1988 1826 2042; x_wconf 85' lang='lat' dir='ltr'>Nam</span> 
     </span>
     <span class='ocr_line' id='line_1_43' title="bbox 162 2052 1826 2125; baseline 0.001 -14"><span class='ocrx_word' id='word_1_354' title='bbox 162 2057 235 2111; x_wconf 85' lang='lat' dir='ltr'>euim</span> <span class='ocrx_word' id='word_1_355' title='bbox 251 2053 295 2109; x_wconf 83' lang='lat' dir='ltr'>uie</span> <span class='ocrx_word' id='word_1_356' title='bbox 308 2057 339 2110; x_wconf 81' lang='grc' dir='ltr'>τὸ</span> <span class='ocrx_word' id='word_1_357' title='bbox 352 2055 401 2118; x_wconf 85' lang='lat' dir='ltr'>ite,</span> <span class='ocrx_word' id='word_1_358' title='bbox 417 2068 466 2122; x_wconf 88' lang='lat' dir='ltr'>pro</span> <span class='ocrx_word' id='word_1_359' title='bbox 483 2054 575 2108; x_wconf 68' lang='lat' dir='ltr'>dende</span> <span class='ocrx_word' id='word_1_360' title='bbox 588 2053 658 2108; x_wconf 93' lang='lat' dir='ltr'>sicut</span> <span class='ocrx_word' id='word_1_361' title='bbox 670 2052 746 2107; x_wconf 90' lang='lat' dir='ltr'>alibi.</span> <span class='ocrx_word' id='word_1_362' title='bbox 762 2052 815 2109; x_wconf 89' lang='lat' dir='ltr'>Sed</span> <span class='ocrx_word' id='word_1_363' title='bbox 836 2054 972 2108; x_wconf 85' lang='lat' dir='ltr'>Constan·</span> <span class='ocrx_word' id='word_1_364' title='bbox 1025 2069 1114 2120; x_wconf 89' lang='lat' dir='ltr'>neque</span> <span class='ocrx_word' id='word_1_365' title='bbox 1126 2053 1254 2120; x_wconf 79' lang='lat' dir='ltr'>Scaliger,</span> <span class='ocrx_word' id='word_1_366' title='bbox 1268 2068 1354 2123; x_wconf 92' lang='lat' dir='ltr'>neque</span> <span class='ocrx_word' id='word_1_367' title='bbox 1367 2053 1503 2122; x_wconf 76' lang='lat' dir='ltr'>Perseius,</span> <span class='ocrx_word' id='word_1_368' title='bbox 1515 2072 1602 2125; x_wconf 85' lang='lat' dir='ltr'>rreqne</span> <span class='ocrx_word' id='word_1_369' title='bbox 1614 2054 1745 2110; x_wconf 86' lang='lat' dir='ltr'>Calvisius</span> <span class='ocrx_word' id='word_1_370' title='bbox 1755 2059 1826 2114; x_wconf 76' lang='lat' dir='ltr'>tinne</span> 
     </span>
     <span class='ocr_line' id='line_1_44' title="bbox 162 2122 1827 2199; baseline 0.003 -20"><span class='ocrx_word' id='word_1_371' title='bbox 162 2126 217 2180; x_wconf 87' lang='lat' dir='ltr'>tius</span> <span class='ocrx_word' id='word_1_372' title='bbox 238 2124 371 2187; x_wconf 87' lang='lat' dir='ltr'>Chlorus.</span> <span class='ocrx_word' id='word_1_373' title='bbox 388 2126 432 2194; x_wconf 91' lang='lat' dir='ltr'>qui</span> <span class='ocrx_word' id='word_1_374' title='bbox 451 2125 505 2178; x_wconf 89' lang='lat' dir='ltr'>lilio</span> <span class='ocrx_word' id='word_1_375' title='bbox 524 2139 574 2179; x_wconf 84' lang='lat' dir='ltr'>stro</span> <span class='ocrx_word' id='word_1_376' title='bbox 596 2138 740 2195; x_wconf 88' lang='lat' dir='ltr'>purpuram</span> <span class='ocrx_word' id='word_1_377' title='bbox 761 2124 867 2195; x_wconf 89' lang='lat' dir='ltr'>propria</span> <span class='ocrx_word' id='word_1_378' title='bbox 892 2139 973 2180; x_wconf 85' lang='lat' dir='ltr'>ntanu</span> <span class='ocrx_word' id='word_1_379' title='bbox 1025 2122 1126 2179; x_wconf 90' lang='lat' dir='ltr'>nodum</span> <span class='ocrx_word' id='word_1_380' title='bbox 1140 2124 1246 2179; x_wconf 82' lang='lat' dir='ltr'>solvere</span> <span class='ocrx_word' id='word_1_381' title='bbox 1261 2133 1381 2193; x_wconf 86' lang='lat' dir='ltr'>potuere.</span> <span class='ocrx_word' id='word_1_382' title='bbox 1392 2124 1513 2181; x_wconf 86' lang='lat' dir='ltr'>ilanltius</span> <span class='ocrx_word' id='word_1_383' title='bbox 1528 2128 1554 2182; x_wconf 92' lang='lat' dir='ltr'>in</span> <span class='ocrx_word' id='word_1_384' title='bbox 1571 2127 1640 2182; x_wconf 92' lang='lat' dir='ltr'>libro</span> <span class='ocrx_word' id='word_1_385' title='bbox 1653 2127 1687 2182; x_wconf 90' lang='lat' dir='ltr'>de</span> <span class='ocrx_word' id='word_1_386' title='bbox 1701 2127 1827 2199; x_wconf 85' lang='lat' dir='ltr'>llysanti·</span> 
     </span>
     <span class='ocr_line' id='line_1_45' title="bbox 161 2193 1824 2268; baseline 0.002 -17"><span class='ocrx_word' id='word_1_387' title='bbox 161 2196 273 2253; x_wconf 82' lang='lat' dir='ltr'>tradere</span> <span class='ocrx_word' id='word_1_388' title='bbox 294 2211 465 2264; x_wconf 87' lang='lat' dir='ltr'>summopere</span> <span class='ocrx_word' id='word_1_389' title='bbox 484 2194 665 2266; x_wconf 78' lang='lat' dir='ltr'>expetiverat,</span> <span class='ocrx_word' id='word_1_390' title='bbox 681 2204 765 2259; x_wconf 90' lang='lat' dir='ltr'>etse,</span> <span class='ocrx_word' id='word_1_391' title='bbox 782 2193 857 2250; x_wconf 83' lang='lat' dir='ltr'>verbi</span> <span class='ocrx_word' id='word_1_392' title='bbox 870 2197 971 2265; x_wconf 86' lang='lat' dir='ltr'>gratia,</span> <span class='ocrx_word' id='word_1_393' title='bbox 1026 2211 1121 2251; x_wconf 88' lang='lat' dir='ltr'>narum</span> <span class='ocrx_word' id='word_1_394' title='bbox 1137 2210 1227 2251; x_wconf 88' lang='lat' dir='ltr'>rerunt</span> <span class='ocrx_word' id='word_1_395' title='bbox 1238 2195 1419 2265; x_wconf 87' lang='lat' dir='ltr'>Scriptoribus</span> <span class='ocrx_word' id='word_1_396' title='bbox 1433 2197 1546 2263; x_wconf 76' lang='lat' dir='ltr'>Crucis,</span> <span class='ocrx_word' id='word_1_397' title='bbox 1562 2209 1639 2266; x_wconf 89' lang='lat' dir='ltr'>parte</span> <span class='ocrx_word' id='word_1_398' title='bbox 1658 2213 1678 2265; x_wconf 91' lang='lat'>1,</span> <span class='ocrx_word' id='word_1_399' title='bbox 1689 2201 1778 2268; x_wconf 88' lang='lat' dir='ltr'>capite</span> <span class='ocrx_word' id='word_1_400' title='bbox 1797 2202 1824 2267; x_wconf 88' lang='lat' dir='ltr'>l,</span> 
     </span>
     <span class='ocr_line' id='line_1_46' title="bbox 159 2264 1848 2338; baseline 0.001 -16"><span class='ocrx_word' id='word_1_401' title='bbox 159 2269 223 2324; x_wconf 88' lang='lat' dir='ltr'>siue</span> <span class='ocrx_word' id='word_1_402' title='bbox 236 2267 291 2323; x_wconf 90' lang='lat' dir='ltr'>ullo</span> <span class='ocrx_word' id='word_1_403' title='bbox 314 2268 374 2323; x_wconf 78' lang='lat' dir='ltr'>vitre</span> <span class='ocrx_word' id='word_1_404' title='bbox 389 2266 537 2333; x_wconf 88' lang='lat' dir='ltr'>desiderio,</span> <span class='ocrx_word' id='word_1_405' title='bbox 556 2266 580 2322; x_wconf 90' lang='lat' dir='ltr'>si</span> <span class='ocrx_word' id='word_1_406' title='bbox 599 2265 624 2321; x_wconf 91' lang='lat' dir='ltr'>id</span> <span class='ocrx_word' id='word_1_407' title='bbox 643 2265 726 2322; x_wconf 88' lang='lat' dir='ltr'>sernel</span> <span class='ocrx_word' id='word_1_408' title='bbox 747 2266 867 2333; x_wconf 88' lang='lat' dir='ltr'>lecisset,</span> <span class='ocrx_word' id='word_1_409' title='bbox 886 2267 973 2322; x_wconf 89' lang='lat' dir='ltr'>obitu·</span> <span class='ocrx_word' id='word_1_410' title='bbox 1025 2282 1101 2322; x_wconf 89' lang='lat' dir='ltr'>nuru.</span> <span class='ocrx_word' id='word_1_411' title='bbox 1118 2264 1152 2321; x_wconf 80' lang='lat' dir='ltr'>tt</span> <span class='ocrx_word' id='word_1_412' title='bbox 1175 2275 1203 2321; x_wconf 91' lang='lat' dir='ltr'>et</span> <span class='ocrx_word' id='word_1_413' title='bbox 1228 2281 1285 2335; x_wconf 86' lang='lat' dir='ltr'>seq.</span> <span class='ocrx_word' id='word_1_414' title='bbox 1316 2267 1438 2338; x_wconf 87' lang='lat' dir='ltr'>pluribus</span> <span class='ocrx_word' id='word_1_415' title='bbox 1460 2268 1610 2336; x_wconf 90' lang='lat' dir='ltr'>contendit,</span> <span class='ocrx_word' id='word_1_416' title='bbox 1638 2266 1827 2327; x_wconf 89' lang='lat' dir='ltr'>Constantium</span> <span class='ocrx_word' id='word_1_417' title='bbox 1845 2315 1848 2320; x_wconf 94' lang='lat'>.</span> 
     </span>
     <span class='ocr_line' id='line_1_47' title="bbox 157 2337 1828 2409; baseline 0.001 -14"><span class='ocrx_word' id='word_1_418' title='bbox 157 2354 224 2395; x_wconf 87' lang='lat' dir='ltr'>rnm</span> <span class='ocrx_word' id='word_1_419' title='bbox 248 2338 368 2404; x_wconf 80' lang='lat' dir='ltr'>dixerat,</span> <span class='ocrx_word' id='word_1_420' title='bbox 389 2338 416 2393; x_wconf 94' lang='lat' dir='ltr'>in</span> <span class='ocrx_word' id='word_1_421' title='bbox 444 2338 512 2393; x_wconf 89' lang='lat' dir='ltr'>lecto</span> <span class='ocrx_word' id='word_1_422' title='bbox 526 2352 593 2405; x_wconf 92' lang='lat' dir='ltr'>suo,</span> <span class='ocrx_word' id='word_1_423' title='bbox 618 2347 759 2408; x_wconf 83' lang='lat' dir='ltr'>postquam</span> <span class='ocrx_word' id='word_1_424' title='bbox 785 2338 873 2406; x_wconf 89' lang='lat' dir='ltr'>reipsa</span> <span class='ocrx_word' id='word_1_425' title='bbox 889 2338 974 2406; x_wconf 86' lang='lat' dir='ltr'>irnpe-</span> <span class='ocrx_word' id='word_1_426' title='bbox 1026 2352 1097 2391; x_wconf 88' lang='lat' dir='ltr'>anno</span> <span class='ocrx_word' id='word_1_427' title='bbox 1111 2337 1272 2406; x_wconf 76' lang='lat' dir='ltr'>precedenti</span> <span class='ocrx_word' id='word_1_428' title='bbox 1288 2353 1303 2391; x_wconf 90' lang='grc' dir='ltr'>ι</span> <span class='ocrx_word' id='word_1_429' title='bbox 1317 2337 1370 2392; x_wconf 86' lang='lat' dir='ltr'>vita</span> <span class='ocrx_word' id='word_1_430' title='bbox 1383 2340 1524 2408; x_wconf 77' lang='lat' dir='ltr'>migrasse,</span> <span class='ocrx_word' id='word_1_431' title='bbox 1534 2339 1683 2409; x_wconf 89' lang='lat' dir='ltr'>eodemque</span> <span class='ocrx_word' id='word_1_432' title='bbox 1695 2338 1828 2397; x_wconf 88' lang='lat' dir='ltr'>Constan·</span> 
     </span>
     <span class='ocr_line' id='line_1_48' title="bbox 155 2407 1826 2482; baseline 0.002 -17"><span class='ocrx_word' id='word_1_433' title='bbox 155 2409 234 2466; x_wconf 88' lang='lat' dir='ltr'>riurn</span> <span class='ocrx_word' id='word_1_434' title='bbox 247 2409 423 2465; x_wconf 82' lang='lat' dir='ltr'>Constantino</span> <span class='ocrx_word' id='word_1_435' title='bbox 434 2424 483 2482; x_wconf 90' lang='lat' dir='ltr'>per</span> <span class='ocrx_word' id='word_1_436' title='bbox 498 2423 592 2463; x_wconf 89' lang='lat' dir='ltr'>manus</span> <span class='ocrx_word' id='word_1_437' title='bbox 604 2409 767 2473; x_wconf 88' lang='lat' dir='ltr'>tradidisset,</span> <span class='ocrx_word' id='word_1_438' title='bbox 782 2409 973 2476; x_wconf 84' lang='lat' dir='ltr'>requicmoitoe,</span> <span class='ocrx_word' id='word_1_439' title='bbox 1026 2408 1110 2462; x_wconf 90' lang='lat' dir='ltr'>tinum</span> <span class='ocrx_word' id='word_1_440' title='bbox 1126 2407 1315 2477; x_wconf 89' lang='lat' dir='ltr'>imperatorem</span> <span class='ocrx_word' id='word_1_441' title='bbox 1345 2407 1462 2464; x_wconf 86' lang='lat' dir='ltr'>levatum</span> <span class='ocrx_word' id='word_1_442' title='bbox 1488 2425 1559 2465; x_wconf 88' lang='lat' dir='ltr'>esse.</span> <span class='ocrx_word' id='word_1_443' title='bbox 1575 2411 1627 2466; x_wconf 90' lang='lat' dir='ltr'>Sed</span> <span class='ocrx_word' id='word_1_444' title='bbox 1648 2410 1707 2481; x_wconf 87' lang='lat' dir='ltr'>ejus</span> <span class='ocrx_word' id='word_1_445' title='bbox 1729 2412 1826 2468; x_wconf 83' lang='lat' dir='ltr'>lunda·</span> 
     </span>
     <span class='ocr_line' id='line_1_49' title="bbox 156 2477 1827 2553; baseline 0.001 -17"><span class='ocrx_word' id='word_1_446' title='bbox 156 2482 232 2536; x_wconf 80' lang='lat' dir='ltr'>sicut</span> <span class='ocrx_word' id='word_1_447' title='bbox 243 2481 360 2553; x_wconf 78' lang='lat' dir='ltr'>optuitu,</span> <span class='ocrx_word' id='word_1_448' title='bbox 379 2482 486 2550; x_wconf 86' lang='lat' dir='ltr'>occepit.</span> <span class='ocrx_word' id='word_1_449' title='bbox 506 2480 557 2548; x_wconf 85' lang='lat' dir='ltr'>Qui</span> <span class='ocrx_word' id='word_1_450' title='bbox 574 2482 629 2548; x_wconf 81' lang='lat' dir='ltr'>jam</span> <span class='ocrx_word' id='word_1_451' title='bbox 651 2477 776 2549; x_wconf 88' lang='lat' dir='ltr'>loquendi</span> <span class='ocrx_word' id='word_1_452' title='bbox 804 2480 915 2546; x_wconf 90' lang='lat' dir='ltr'>rnodus,</span> <span class='ocrx_word' id='word_1_453' title='bbox 939 2479 975 2536; x_wconf 91' lang='lat' dir='ltr'>ob</span> <span class='ocrx_word' id='word_1_454' title='bbox 1026 2491 1117 2533; x_wconf 90' lang='lat' dir='ltr'>menta</span> <span class='ocrx_word' id='word_1_455' title='bbox 1137 2478 1163 2532; x_wconf 93' lang='lat' dir='ltr'>in</span> <span class='ocrx_word' id='word_1_456' title='bbox 1181 2478 1287 2532; x_wconf 91' lang='lat' dir='ltr'>laudata</span> <span class='ocrx_word' id='word_1_457' title='bbox 1301 2478 1496 2536; x_wconf 88' lang='lat' dir='ltr'>Dissertatione</span> <span class='ocrx_word' id='word_1_458' title='bbox 1513 2496 1528 2533; x_wconf 93' lang='lat' dir='ltr'>a</span> <span class='ocrx_word' id='word_1_459' title='bbox 1544 2481 1622 2535; x_wconf 80' lang='lat' dir='ltr'>rrrtltis</span> <span class='ocrx_word' id='word_1_460' title='bbox 1634 2496 1740 2548; x_wconf 84' lang='lat' dir='ltr'>eversa,</span> <span class='ocrx_word' id='word_1_461' title='bbox 1751 2483 1827 2550; x_wconf 91' lang='lat' dir='ltr'>licet,</span> 
     </span>
     <span class='ocr_line' id='line_1_50' title="bbox 157 2549 1828 2624; baseline 0.002 -17"><span class='ocrx_word' id='word_1_462' title='bbox 157 2551 187 2608; x_wconf 94' lang='lat' dir='ltr'>id</span> <span class='ocrx_word' id='word_1_463' title='bbox 203 2555 321 2607; x_wconf 78' lang='lat' dir='ltr'>maxime</span> <span class='ocrx_word' id='word_1_464' title='bbox 342 2550 414 2624; x_wconf 88' lang='lat' dir='ltr'>quod</span> <span class='ocrx_word' id='word_1_465' title='bbox 429 2552 455 2606; x_wconf 91' lang='lat' dir='ltr'>in</span> <span class='ocrx_word' id='word_1_466' title='bbox 477 2552 527 2606; x_wconf 89' lang='lat' dir='ltr'>boc</span> <span class='ocrx_word' id='word_1_467' title='bbox 549 2562 658 2605; x_wconf 86' lang='lat' dir='ltr'>arrctore</span> <span class='ocrx_word' id='word_1_468' title='bbox 681 2549 827 2618; x_wconf 91' lang='lat' dir='ltr'>inrenitur,</span> <span class='ocrx_word' id='word_1_469' title='bbox 851 2565 904 2605; x_wconf 91' lang='lat' dir='ltr'>non</span> <span class='ocrx_word' id='word_1_470' title='bbox 926 2565 974 2618; x_wconf 89' lang='lat' dir='ltr'>pa·</span> <span class='ocrx_word' id='word_1_471' title='bbox 1025 2564 1086 2604; x_wconf 93' lang='lat' dir='ltr'>cum</span> <span class='ocrx_word' id='word_1_472' title='bbox 1099 2564 1159 2604; x_wconf 91' lang='lat' dir='ltr'>eam</span> <span class='ocrx_word' id='word_1_473' title='bbox 1170 2550 1197 2604; x_wconf 91' lang='lat' dir='ltr'>in</span> <span class='ocrx_word' id='word_1_474' title='bbox 1212 2550 1299 2606; x_wconf 90' lang='lat' dir='ltr'>lucem</span> <span class='ocrx_word' id='word_1_475' title='bbox 1309 2549 1455 2616; x_wconf 90' lang='lat' dir='ltr'>edidimus,</span> <span class='ocrx_word' id='word_1_476' title='bbox 1469 2551 1567 2607; x_wconf 89' lang='lat' dir='ltr'>librum</span> <span class='ocrx_word' id='word_1_477' title='bbox 1582 2552 1657 2607; x_wconf 87' lang='lat' dir='ltr'>illum</span> <span class='ocrx_word' id='word_1_478' title='bbox 1675 2566 1729 2608; x_wconf 91' lang='lat' dir='ltr'>oon</span> <span class='ocrx_word' id='word_1_479' title='bbox 1743 2553 1828 2611; x_wconf 83' lang='lat' dir='ltr'>vidis·</span> 
     </span>
     <span class='ocr_line' id='line_1_51' title="bbox 156 2618 1127 2692; baseline -0.006 -13"><span class='ocrx_word' id='word_1_480' title='bbox 156 2639 227 2679; x_wconf 87' lang='lat' dir='ltr'>rum</span> <span class='ocrx_word' id='word_1_481' title='bbox 247 2623 346 2692; x_wconf 88' lang='lat' dir='ltr'>negotii</span> <span class='ocrx_word' id='word_1_482' title='bbox 372 2622 522 2678; x_wconf 91' lang='lat' dir='ltr'>clarissimo</span> <span class='ocrx_word' id='word_1_483' title='bbox 547 2620 678 2677; x_wconf 87' lang='lat' dir='ltr'>bleldeusi</span> <span class='ocrx_word' id='word_1_484' title='bbox 697 2621 824 2689; x_wconf 78' lang='lat' dir='ltr'>episcopo</span> <span class='ocrx_word' id='word_1_485' title='bbox 840 2618 975 2677; x_wconf 90' lang='lat' dir='ltr'>Constan·</span> <span class='ocrx_word' id='word_1_486' title='bbox 1025 2635 1127 2675; x_wconf 85' lang='lat' dir='ltr'>semus.</span> 
     </span>
     <span class='ocr_line' id='line_1_52' title="bbox 155 2688 1828 2764; baseline 0.001 -14"><span class='ocrx_word' id='word_1_487' title='bbox 155 2695 234 2750; x_wconf 87' lang='lat' dir='ltr'>tium</span> <span class='ocrx_word' id='word_1_488' title='bbox 255 2693 382 2750; x_wconf 84' lang='lat' dir='ltr'>Chiorum</span> <span class='ocrx_word' id='word_1_489' title='bbox 403 2694 474 2749; x_wconf 90' lang='lat' dir='ltr'>inter</span> <span class='ocrx_word' id='word_1_490' title='bbox 498 2707 609 2763; x_wconf 86' lang='lat' dir='ltr'>magnos</span> <span class='ocrx_word' id='word_1_491' title='bbox 638 2691 765 2748; x_wconf 73' lang='lat' dir='ltr'>Ecclesia</span> <span class='ocrx_word' id='word_1_492' title='bbox 787 2703 975 2761; x_wconf 87' lang='lat' dir='ltr'>persecutores</span> <span class='ocrx_word' id='word_1_493' title='bbox 1062 2690 1188 2762; x_wconf 78' lang='lat' dir='ltr'>Suscepto</span> <span class='ocrx_word' id='word_1_494' title='bbox 1201 2688 1510 2761; x_wconf 81' lang='lat' dir='ltr'>lrrrperioComtuntirrns</span> <span class='ocrx_word' id='word_1_495' title='bbox 1523 2691 1663 2764; x_wconf 81' lang='lat' dir='ltr'>Augrrstus,</span> <span class='ocrx_word' id='word_1_496' title='bbox 1685 2692 1828 2752; x_wconf 80' lang='lat' dir='ltr'>etcl&#39;ccit</span> 
     </span>
     <span class='ocr_line' id='line_1_53' title="bbox 156 2760 1829 2837; baseline -0.001 -15"><span class='ocrx_word' id='word_1_497' title='bbox 156 2767 282 2837; x_wconf 84' lang='lat' dir='ltr'>putanti,</span> <span class='ocrx_word' id='word_1_498' title='bbox 296 2765 430 2821; x_wconf 83' lang='lat' dir='ltr'>lacessere</span> <span class='ocrx_word' id='word_1_499' title='bbox 452 2772 541 2834; x_wconf 91' lang='lat' dir='ltr'>potest</span> <span class='ocrx_word' id='word_1_500' title='bbox 561 2770 589 2818; x_wconf 91' lang='lat' dir='ltr'>et</span> <span class='ocrx_word' id='word_1_501' title='bbox 601 2762 690 2818; x_wconf 89' lang='lat' dir='ltr'>debet.</span> <span class='ocrx_word' id='word_1_502' title='bbox 702 2761 800 2817; x_wconf 88' lang='lat' dir='ltr'>Nostro</span> <span class='ocrx_word' id='word_1_503' title='bbox 810 2764 920 2832; x_wconf 84' lang='lat' dir='ltr'>quippe,</span> <span class='ocrx_word' id='word_1_504' title='bbox 935 2763 973 2818; x_wconf 91' lang='lat' dir='ltr'>si·</span> <span class='ocrx_word' id='word_1_505' title='bbox 1027 2761 1103 2816; x_wconf 89' lang='lat' dir='ltr'>illum</span> <span class='ocrx_word' id='word_1_506' title='bbox 1115 2761 1259 2832; x_wconf 67' lang='lat' dir='ltr'>arepertum</span> <span class='ocrx_word' id='word_1_507' title='bbox 1281 2760 1456 2818; x_wconf 89' lang='lat' dir='ltr'>Constantius</span> <span class='ocrx_word' id='word_1_508' title='bbox 1472 2775 1547 2833; x_wconf 86' lang='lat' dir='ltr'>pater</span> <span class='ocrx_word' id='word_1_509' title='bbox 1570 2765 1700 2833; x_wconf 79' lang='lat' dir='ltr'>Augustus</span> <span class='ocrx_word' id='word_1_510' title='bbox 1719 2763 1829 2823; x_wconf 88' lang='lat' dir='ltr'>Galerio</span> 
     </span>
     <span class='ocr_line' id='line_1_54' title="bbox 156 2831 1829 2907; baseline 0 -14"><span class='ocrx_word' id='word_1_511' title='bbox 156 2848 211 2894; x_wconf 88' lang='lat' dir='ltr'>cut</span> <span class='ocrx_word' id='word_1_512' title='bbox 228 2838 320 2891; x_wconf 88' lang='lat' dir='ltr'>ultima</span> <span class='ocrx_word' id='word_1_513' title='bbox 344 2837 425 2907; x_wconf 91' lang='lat' dir='ltr'>primi</span> <span class='ocrx_word' id='word_1_514' title='bbox 444 2833 636 2906; x_wconf 84' lang='lat' dir='ltr'>capitisverba</span> <span class='ocrx_word' id='word_1_515' title='bbox 654 2832 792 2899; x_wconf 83' lang='lat' dir='ltr'>indicant,</span> <span class='ocrx_word' id='word_1_516' title='bbox 809 2832 881 2889; x_wconf 90' lang='lat' dir='ltr'>baud</span> <span class='ocrx_word' id='word_1_517' title='bbox 898 2850 974 2890; x_wconf 91' lang='lat' dir='ltr'>mere</span> <span class='ocrx_word' id='word_1_518' title='bbox 1026 2833 1109 2903; x_wconf 89' lang='lat' dir='ltr'>prior.</span> <span class='ocrx_word' id='word_1_519' title='bbox 1132 2831 1401 2889; x_wconf 85' lang='lat' dir='ltr'>Renumiaritetiam</span> <span class='ocrx_word' id='word_1_520' title='bbox 1419 2836 1565 2906; x_wconf 80' lang='lat' dir='ltr'>Augustum</span> <span class='ocrx_word' id='word_1_521' title='bbox 1586 2836 1676 2889; x_wconf 91' lang='lat' dir='ltr'>statim</span> <span class='ocrx_word' id='word_1_522' title='bbox 1702 2852 1716 2888; x_wconf 94' lang='lat' dir='ltr'>a</span> <span class='ocrx_word' id='word_1_523' title='bbox 1745 2840 1829 2906; x_wconf 89' lang='lat' dir='ltr'>patris</span> 
     </span>
     <span class='ocr_line' id='line_1_55' title="bbox 158 2904 1828 2981; baseline -0.002 -16"><span class='ocrx_word' id='word_1_524' title='bbox 158 2906 334 2981; x_wconf 87' lang='lat' dir='ltr'>propositum</span> <span class='ocrx_word' id='word_1_525' title='bbox 357 2908 408 2963; x_wconf 87' lang='lat' dir='ltr'>boe</span> <span class='ocrx_word' id='word_1_526' title='bbox 434 2904 564 2977; x_wconf 90' lang='lat' dir='ltr'>opusculo</span> <span class='ocrx_word' id='word_1_527' title='bbox 577 2905 613 2961; x_wconf 94' lang='lat' dir='ltr'>de</span> <span class='ocrx_word' id='word_1_528' title='bbox 626 2906 844 2976; x_wconf 87' lang='lat' dir='ltr'>persecutionum</span> <span class='ocrx_word' id='word_1_529' title='bbox 856 2905 972 2961; x_wconf 89' lang='lat' dir='ltr'>auctori·</span> <span class='ocrx_word' id='word_1_530' title='bbox 1025 2904 1139 2958; x_wconf 91' lang='lat' dir='ltr'>decessu</span> <span class='ocrx_word' id='word_1_531' title='bbox 1164 2904 1308 2968; x_wconf 84' lang='lat' dir='ltr'>exercitus,</span> <span class='ocrx_word' id='word_1_532' title='bbox 1334 2906 1377 2958; x_wconf 91' lang='lat' dir='ltr'>cni</span> <span class='ocrx_word' id='word_1_533' title='bbox 1405 2921 1453 2975; x_wconf 89' lang='lat' dir='ltr'>pro</span> <span class='ocrx_word' id='word_1_534' title='bbox 1490 2907 1648 2961; x_wconf 90' lang='lat' dir='ltr'>eorumdem</span> <span class='ocrx_word' id='word_1_535' title='bbox 1675 2915 1828 2976; x_wconf 87' lang='lat' dir='ltr'>temporum</span> 
     </span>
     <span class='ocr_line' id='line_1_56' title="bbox 157 2974 1828 3051; baseline -0.002 -14"><span class='ocrx_word' id='word_1_536' title='bbox 157 2983 219 3037; x_wconf 90' lang='lat' dir='ltr'>bus</span> <span class='ocrx_word' id='word_1_537' title='bbox 233 2979 381 3051; x_wconf 77' lang='lat' dir='ltr'>agere.lsed</span> <span class='ocrx_word' id='word_1_538' title='bbox 397 2978 541 3048; x_wconf 75' lang='lat' dir='ltr'>praecipue,</span> <span class='ocrx_word' id='word_1_539' title='bbox 554 2975 646 3046; x_wconf 83' lang='lat' dir='ltr'>quibus</span> <span class='ocrx_word' id='word_1_540' title='bbox 660 2976 742 3048; x_wconf 79' lang='lat' dir='ltr'>premis</span> <span class='ocrx_word' id='word_1_541' title='bbox 768 2976 795 3029; x_wconf 87' lang='lat' dir='ltr'>in</span> <span class='ocrx_word' id='word_1_542' title='bbox 808 2992 851 3030; x_wconf 87' lang='lat' dir='ltr'>cos</span> <span class='ocrx_word' id='word_1_543' title='bbox 865 2976 972 3031; x_wconf 86' lang='lat' dir='ltr'>coelestis</span> <span class='ocrx_word' id='word_1_544' title='bbox 1025 2990 1117 3040; x_wconf 89' lang='lat' dir='ltr'>more,</span> <span class='ocrx_word' id='word_1_545' title='bbox 1129 2974 1173 3045; x_wconf 77' lang='lat' dir='ltr'>jus</span> <span class='ocrx_word' id='word_1_546' title='bbox 1187 2975 1357 3030; x_wconf 88' lang='lat' dir='ltr'>renuntiandi</span> <span class='ocrx_word' id='word_1_547' title='bbox 1372 2978 1552 3047; x_wconf 83' lang='lat' dir='ltr'>competebat.</span> <span class='ocrx_word' id='word_1_548' title='bbox 1564 2977 1725 3048; x_wconf 84' lang='lat' dir='ltr'>Detragntus</span> <span class='ocrx_word' id='word_1_549' title='bbox 1736 2989 1828 3036; x_wconf 88' lang='lat' dir='ltr'>tarnen</span> 
     </span>
     <span class='ocr_line' id='line_1_57' title="bbox 152 3045 1829 3127; baseline -0.002 -20"><span class='ocrx_word' id='word_1_550' title='bbox 152 3052 263 3127; x_wconf 80' lang='lat' dir='ltr'>judicis</span> <span class='ocrx_word' id='word_1_551' title='bbox 277 3051 395 3106; x_wconf 70' lang='lat' dir='ltr'>meritus</span> <span class='ocrx_word' id='word_1_552' title='bbox 421 3049 597 3114; x_wconf 81' lang='lat' dir='ltr'>uindicauerit,</span> <span class='ocrx_word' id='word_1_553' title='bbox 613 3063 748 3119; x_wconf 73' lang='lat' dir='ltr'>seponere.</span> <span class='ocrx_word' id='word_1_554' title='bbox 771 3045 848 3103; x_wconf 89' lang='lat' dir='ltr'>Unde</span> <span class='ocrx_word' id='word_1_555' title='bbox 870 3062 952 3118; x_wconf 85' lang='lat' dir='ltr'>supra</span> <span class='ocrx_word' id='word_1_556' title='bbox 1025 3056 1068 3101; x_wconf 92' lang='lat' dir='ltr'>est</span> <span class='ocrx_word' id='word_1_557' title='bbox 1079 3046 1188 3117; x_wconf 75' lang='lat' dir='ltr'>Ateguett</span> <span class='ocrx_word' id='word_1_558' title='bbox 1200 3045 1419 3111; x_wconf 88' lang='lat' dir='ltr'>titulnGalerius,</span> <span class='ocrx_word' id='word_1_559' title='bbox 1429 3049 1474 3117; x_wconf 91' lang='lat' dir='ltr'>qui</span> <span class='ocrx_word' id='word_1_560' title='bbox 1484 3046 1629 3103; x_wconf 72' lang='lat' dir='ltr'>cesaream</span> <span class='ocrx_word' id='word_1_561' title='bbox 1647 3048 1685 3103; x_wconf 92' lang='lat' dir='ltr'>illi</span> <span class='ocrx_word' id='word_1_562' title='bbox 1697 3048 1829 3106; x_wconf 85' lang='lat' dir='ltr'>duntaxat</span> 
     </span>
     <span class='ocr_line' id='line_1_58' title="bbox 158 3117 1829 3192; baseline -0.004 -12"><span class='ocrx_word' id='word_1_563' title='bbox 158 3121 469 3192; x_wconf 69' lang='lat' dir='ltr'>capiteideNerone:</span> <span class='ocrx_word' id='word_1_564' title='bbox 496 3118 578 3175; x_wconf 77' lang='lat' dir='ltr'>«Nee</span> <span class='ocrx_word' id='word_1_565' title='bbox 600 3128 700 3185; x_wconf 82' lang='lat' dir='ltr'>tarraco,</span> <span class='ocrx_word' id='word_1_566' title='bbox 718 3117 898 3188; x_wconf 89' lang='lat' dir='ltr'>inquit,abiit</span> <span class='ocrx_word' id='word_1_567' title='bbox 922 3119 973 3173; x_wconf 90' lang='lat' dir='ltr'>im·</span> <span class='ocrx_word' id='word_1_568' title='bbox 1025 3117 1184 3185; x_wconf 88' lang='lat' dir='ltr'>dignitatem</span> <span class='ocrx_word' id='word_1_569' title='bbox 1205 3117 1385 3173; x_wconf 83' lang='lat' dir='ltr'>conlirmarit.</span> <span class='ocrx_word' id='word_1_570' title='bbox 1416 3117 1494 3188; x_wconf 85' lang='lat' dir='ltr'>Quod</span> <span class='ocrx_word' id='word_1_571' title='bbox 1519 3120 1591 3172; x_wconf 90' lang='lat' dir='ltr'>enim</span> <span class='ocrx_word' id='word_1_572' title='bbox 1615 3121 1829 3190; x_wconf 82' lang='lat' dir='ltr'>excrtgitatuma</span> 
     </span>
     <span class='ocr_line' id='line_1_59' title="bbox 157 3188 1828 3265; baseline -0.001 -16"><span class='ocrx_word' id='word_1_573' title='bbox 157 3210 252 3264; x_wconf 90' lang='lat' dir='ltr'>purte.</span> <span class='ocrx_word' id='word_1_574' title='bbox 269 3194 395 3265; x_wconf 80' lang='lat' dir='ltr'>Respexit</span> <span class='ocrx_word' id='word_1_575' title='bbox 416 3193 488 3247; x_wconf 88' lang='lat' dir='ltr'>enim</span> <span class='ocrx_word' id='word_1_576' title='bbox 517 3191 588 3246; x_wconf 89' lang='lat' dir='ltr'>Deus</span> <span class='ocrx_word' id='word_1_577' title='bbox 611 3192 780 3244; x_wconf 80' lang='lat' dir='ltr'>vexationem</span> <span class='ocrx_word' id='word_1_578' title='bbox 804 3189 895 3260; x_wconf 91' lang='lat' dir='ltr'>populi</span> <span class='ocrx_word' id='word_1_579' title='bbox 919 3190 971 3244; x_wconf 82' lang='lat' dir='ltr'>sui.</span> <span class='ocrx_word' id='word_1_580' title='bbox 1026 3188 1135 3244; x_wconf 89' lang='lat' dir='ltr'>Calerio</span> <span class='ocrx_word' id='word_1_581' title='bbox 1154 3190 1249 3243; x_wconf 84' lang='lat' dir='ltr'>scribit</span> <span class='ocrx_word' id='word_1_582' title='bbox 1269 3189 1441 3255; x_wconf 87' lang='lat' dir='ltr'>Lactantius,</span> <span class='ocrx_word' id='word_1_583' title='bbox 1454 3202 1483 3245; x_wconf 92' lang='grc' dir='ltr'>ιιι</span> <span class='ocrx_word' id='word_1_584' title='bbox 1499 3207 1509 3239; x_wconf 89' lang='grc' dir='ltr'>ι</span> <span class='ocrx_word' id='word_1_585' title='bbox 1524 3189 1657 3246; x_wconf 82' lang='lat' dir='ltr'>Severum</span> <span class='ocrx_word' id='word_1_586' title='bbox 1678 3197 1828 3259; x_wconf 74' lang='lat' dir='ltr'>Augustum</span> 
     </span>
     <span class='ocr_line' id='line_1_60' title="bbox 162 3250 1829 3336; baseline -0.001 -16"><span class='ocrx_word' id='word_1_587' title='bbox 162 3266 295 3336; x_wconf 77' lang='lat' dir='ltr'>Deiectus</span> <span class='ocrx_word' id='word_1_588' title='bbox 306 3270 395 3336; x_wconf 90' lang='lat' dir='ltr'>itaque</span> <span class='ocrx_word' id='word_1_589' title='bbox 403 3261 635 3332; x_wconf 85' lang='lat' dir='ltr'>lastigioimperii,</span> <span class='ocrx_word' id='word_1_590' title='bbox 645 3275 676 3314; x_wconf 89' lang='lat' dir='ltr'>ac</span> <span class='ocrx_word' id='word_1_591' title='bbox 684 3258 825 3315; x_wconf 84' lang='lat' dir='ltr'>deuolutus</span> <span class='ocrx_word' id='word_1_592' title='bbox 838 3277 854 3314; x_wconf 93' lang='lat' dir='ltr'>a</span> <span class='ocrx_word' id='word_1_593' title='bbox 865 3275 972 3316; x_wconf 91' lang='lat' dir='ltr'>summo</span> <span class='ocrx_word' id='word_1_594' title='bbox 985 3250 1009 3315; x_wconf 84' lang='lat' dir='ltr'>C</span> <span class='ocrx_word' id='word_1_595' title='bbox 1025 3259 1215 3328; x_wconf 88' lang='lat' dir='ltr'>nuncupando,</span> <span class='ocrx_word' id='word_1_596' title='bbox 1231 3260 1449 3328; x_wconf 89' lang='lat' dir='ltr'>Constantinum,</span> <span class='ocrx_word' id='word_1_597' title='bbox 1464 3276 1518 3316; x_wconf 89' lang='lat' dir='ltr'>non</span> <span class='ocrx_word' id='word_1_598' title='bbox 1540 3263 1742 3329; x_wconf 88' lang='lat' dir='ltr'>imperatorem,</span> <span class='ocrx_word' id='word_1_599' title='bbox 1758 3263 1829 3318; x_wconf 90' lang='lat' dir='ltr'>sicut</span> 
     </span>
     <span class='ocr_line' id='line_1_61' title="bbox 160 3330 1829 3409; baseline -0.001 -17"><span class='ocrx_word' id='word_1_600' title='bbox 160 3346 301 3409; x_wconf 80' lang='lat' dir='ltr'>tyrannus</span> <span class='ocrx_word' id='word_1_601' title='bbox 310 3338 456 3408; x_wconf 87' lang='lat' dir='ltr'>impotens,</span> <span class='ocrx_word' id='word_1_602' title='bbox 471 3347 601 3402; x_wconf 90' lang='lat' dir='ltr'>nusquam</span> <span class='ocrx_word' id='word_1_603' title='bbox 623 3342 735 3399; x_wconf 88' lang='lat' dir='ltr'>repente</span> <span class='ocrx_word' id='word_1_604' title='bbox 755 3335 918 3400; x_wconf 86' lang='lat' dir='ltr'>comparuit,</span> <span class='ocrx_word' id='word_1_605' title='bbox 943 3338 972 3386; x_wconf 93' lang='lat' dir='ltr'>ut</span> <span class='ocrx_word' id='word_1_606' title='bbox 1025 3340 1085 3386; x_wconf 89' lang='lat' dir='ltr'>erat</span> <span class='ocrx_word' id='word_1_607' title='bbox 1099 3330 1194 3397; x_wconf 86' lang='lat' dir='ltr'>iactus,</span> <span class='ocrx_word' id='word_1_608' title='bbox 1216 3333 1264 3387; x_wconf 89' lang='lat' dir='ltr'>sed</span> <span class='ocrx_word' id='word_1_609' title='bbox 1291 3333 1424 3388; x_wconf 74' lang='lat' dir='ltr'>uacarent</span> <span class='ocrx_word' id='word_1_610' title='bbox 1451 3347 1512 3386; x_wconf 92' lang='lat' dir='ltr'>cum</span> <span class='ocrx_word' id='word_1_611' title='bbox 1537 3331 1682 3386; x_wconf 78' lang='lat' dir='ltr'>Maximino</span> <span class='ocrx_word' id='word_1_612' title='bbox 1697 3334 1829 3403; x_wconf 89' lang='lat' dir='ltr'>appellari</span> 
     </span>
     <span class='ocr_line' id='line_1_62' title="bbox 161 3399 1826 3478; baseline -0.004 -13"><span class='ocrx_word' id='word_1_613' title='bbox 161 3424 205 3465; x_wconf 88' lang='lat' dir='ltr'>ue</span> <span class='ocrx_word' id='word_1_614' title='bbox 222 3408 366 3477; x_wconf 76' lang='lat' dir='ltr'>sepulturae</span> <span class='ocrx_word' id='word_1_615' title='bbox 379 3406 487 3478; x_wconf 90' lang='lat' dir='ltr'>quidem</span> <span class='ocrx_word' id='word_1_616' title='bbox 501 3403 577 3458; x_wconf 91' lang='lat' dir='ltr'>locus</span> <span class='ocrx_word' id='word_1_617' title='bbox 589 3403 617 3457; x_wconf 89' lang='lat' dir='ltr'>in</span> <span class='ocrx_word' id='word_1_618' title='bbox 633 3412 704 3457; x_wconf 90' lang='lat' dir='ltr'>terra</span> <span class='ocrx_word' id='word_1_619' title='bbox 719 3411 771 3455; x_wconf 80' lang='lat' dir='ltr'>mun</span> <span class='ocrx_word' id='word_1_620' title='bbox 784 3402 862 3457; x_wconf 80' lang='lat' dir='ltr'>malae</span> <span class='ocrx_word' id='word_1_621' title='bbox 877 3401 972 3457; x_wconf 78' lang='lat' dir='ltr'>bestiae</span> <span class='ocrx_word' id='word_1_622' title='bbox 1022 3399 1140 3471; x_wconf 84' lang='lat' dir='ltr'>juberet,</span> <span class='ocrx_word' id='word_1_623' title='bbox 1158 3412 1257 3457; x_wconf 90' lang='lat' dir='ltr'>uteum</span> <span class='ocrx_word' id='word_1_624' title='bbox 1273 3402 1439 3458; x_wconf 87' lang='lat' dir='ltr'>desecando</span> <span class='ocrx_word' id='word_1_625' title='bbox 1462 3402 1523 3458; x_wconf 90' lang='lat' dir='ltr'>loco</span> <span class='ocrx_word' id='word_1_626' title='bbox 1547 3401 1673 3472; x_wconf 82' lang='lat' dir='ltr'>rejiceret</span> <span class='ocrx_word' id='word_1_627' title='bbox 1694 3402 1721 3457; x_wconf 91' lang='lat' dir='ltr'>iu</span> <span class='ocrx_word' id='word_1_628' title='bbox 1746 3419 1826 3474; x_wconf 86' lang='lat' dir='ltr'>quar-</span> 
     </span>
     <span class='ocr_line' id='line_1_63' title="bbox 160 3471 1826 3551; baseline -0.005 -15"><span class='ocrx_word' id='word_1_629' title='bbox 160 3493 329 3551; x_wconf 84' lang='lat' dir='ltr'>sppareret3</span> <span class='ocrx_word' id='word_1_630' title='bbox 348 3497 357 3532; x_wconf 87' lang='grc' dir='ltr'>ι</span> <span class='ocrx_word' id='word_1_631' title='bbox 373 3489 401 3535; x_wconf 90' lang='grc' dir='ltr'>ιι</span> <span class='ocrx_word' id='word_1_632' title='bbox 421 3476 509 3546; x_wconf 89' lang='lat' dir='ltr'>eapite</span> <span class='ocrx_word' id='word_1_633' title='bbox 530 3474 548 3529; x_wconf 79' lang='lat'>5</span> <span class='ocrx_word' id='word_1_634' title='bbox 571 3472 605 3528; x_wconf 90' lang='lat' dir='ltr'>de</span> <span class='ocrx_word' id='word_1_635' title='bbox 621 3471 771 3527; x_wconf 88' lang='lat' dir='ltr'>Domitiano</span> <span class='ocrx_word' id='word_1_636' title='bbox 788 3488 795 3524; x_wconf 90' lang='lat'>:</span> <span class='ocrx_word' id='word_1_637' title='bbox 813 3490 822 3524; x_wconf 88' lang='grc' dir='ltr'>ι</span> <span class='ocrx_word' id='word_1_638' title='bbox 837 3472 970 3528; x_wconf 83' lang='grc' dir='ltr'>Τιιιιι....</span> <span class='ocrx_word' id='word_1_639' title='bbox 1025 3480 1092 3537; x_wconf 90' lang='lat' dir='ltr'>tnm,</span> <span class='ocrx_word' id='word_1_640' title='bbox 1111 3473 1276 3543; x_wconf 66' lang='lat' dir='ltr'>‚praegratia</span> <span class='ocrx_word' id='word_1_641' title='bbox 1287 3473 1413 3528; x_wconf 90' lang='lat' dir='ltr'>nimirum</span> <span class='ocrx_word' id='word_1_642' title='bbox 1427 3474 1465 3528; x_wconf 83' lang='lat' dir='ltr'>itti</span> <span class='ocrx_word' id='word_1_643' title='bbox 1479 3475 1538 3540; x_wconf 86' lang='lat' dir='ltr'>ipso</span> <span class='ocrx_word' id='word_1_644' title='bbox 1553 3473 1826 3543; x_wconf 82' lang='lat' dir='ltr'>quoqucllaximino,</span> 
     </span>
    </p>
   </div>
   <div class='ocr_carea' id='block_1_10' title="bbox 160 3542 973 4121">
    <p class='ocr_par' dir='ltr' id='par_1_11' title="bbox 160 3542 973 4121">
     <span class='ocr_line' id='line_1_64' title="bbox 160 3542 971 3620; baseline -0.01 -13"><span class='ocrx_word' id='word_1_645' title='bbox 160 3551 302 3620; x_wconf 79' lang='lat' dir='ltr'>regnarit,</span> <span class='ocrx_word' id='word_1_646' title='bbox 325 3553 412 3606; x_wconf 89' lang='lat' dir='ltr'>donee</span> <span class='ocrx_word' id='word_1_647' title='bbox 435 3547 532 3618; x_wconf 90' lang='lat' dir='ltr'>impias</span> <span class='ocrx_word' id='word_1_648' title='bbox 559 3557 655 3600; x_wconf 82' lang='lat' dir='ltr'>manus</span> <span class='ocrx_word' id='word_1_649' title='bbox 675 3542 805 3598; x_wconf 82' lang='lat' dir='ltr'>adversus</span> <span class='ocrx_word' id='word_1_650' title='bbox 829 3543 971 3599; x_wconf 92' lang='lat' dir='ltr'>Dominum</span> 
     </span>
     <span class='ocr_line' id='line_1_65' title="bbox 161 3613 971 3692; baseline -0.015 -12"><span class='ocrx_word' id='word_1_651' title='bbox 161 3623 306 3680; x_wconf 84' lang='lat' dir='ltr'>tenderet.</span> <span class='ocrx_word' id='word_1_652' title='bbox 322 3622 468 3692; x_wconf 85' lang='lat' dir='ltr'>Postquam</span> <span class='ocrx_word' id='word_1_653' title='bbox 490 3632 555 3672; x_wconf 87' lang='lat' dir='ltr'>rero</span> <span class='ocrx_word' id='word_1_654' title='bbox 576 3614 610 3671; x_wconf 93' lang='lat' dir='ltr'>ad</span> <span class='ocrx_word' id='word_1_655' title='bbox 635 3613 851 3685; x_wconf 86' lang='lat' dir='ltr'>persequendum</span> <span class='ocrx_word' id='word_1_656' title='bbox 869 3615 971 3684; x_wconf 82' lang='lat' dir='ltr'>justum</span> 
     </span>
     <span class='ocr_line' id='line_1_66' title="bbox 161 3686 972 3767; baseline -0.012 -17"><span class='ocrx_word' id='word_1_657' title='bbox 161 3694 299 3767; x_wconf 90' lang='lat' dir='ltr'>populum</span> <span class='ocrx_word' id='word_1_658' title='bbox 314 3694 442 3749; x_wconf 89' lang='lat' dir='ltr'>instinctu</span> <span class='ocrx_word' id='word_1_659' title='bbox 454 3690 606 3746; x_wconf 85' lang='lat' dir='ltr'>daemonum</span> <span class='ocrx_word' id='word_1_660' title='bbox 628 3686 754 3741; x_wconf 88' lang='lat' dir='ltr'>incitatus</span> <span class='ocrx_word' id='word_1_661' title='bbox 768 3694 820 3749; x_wconf 86' lang='lat' dir='ltr'>est,</span> <span class='ocrx_word' id='word_1_662' title='bbox 838 3694 902 3740; x_wconf 90' lang='lat' dir='ltr'>tune</span> <span class='ocrx_word' id='word_1_663' title='bbox 918 3695 972 3741; x_wconf 91' lang='lat' dir='ltr'>tra·</span> 
     </span>
     <span class='ocr_line' id='line_1_67' title="bbox 161 3754 971 3826; baseline -0.014 -4"><span class='ocrx_word' id='word_1_664' title='bbox 161 3767 245 3822; x_wconf 90' lang='lat' dir='ltr'>ditus</span> <span class='ocrx_word' id='word_1_665' title='bbox 265 3765 292 3822; x_wconf 93' lang='lat' dir='ltr'>in</span> <span class='ocrx_word' id='word_1_666' title='bbox 310 3760 583 3820; x_wconf 83' lang='lat' dir='ltr'>suanusinimicorum</span> <span class='ocrx_word' id='word_1_667' title='bbox 595 3758 644 3813; x_wconf 90' lang='lat' dir='ltr'>luit</span> <span class='ocrx_word' id='word_1_668' title='bbox 657 3771 760 3826; x_wconf 88' lang='lat' dir='ltr'>poenas.</span> <span class='ocrx_word' id='word_1_669' title='bbox 776 3754 832 3811; x_wconf 85' lang='lat' dir='ltr'>Dec</span> <span class='ocrx_word' id='word_1_670' title='bbox 849 3758 915 3811; x_wconf 86' lang='lat' dir='ltr'>satis</span> <span class='ocrx_word' id='word_1_671' title='bbox 937 3758 971 3811; x_wconf 91' lang='lat' dir='ltr'>ad</span> 
     </span>
     <span class='ocr_line' id='line_1_68' title="bbox 161 3826 971 3906; baseline -0.015 -12"><span class='ocrx_word' id='word_1_672' title='bbox 161 3839 303 3894; x_wconf 90' lang='lat' dir='ltr'>ultionem</span> <span class='ocrx_word' id='word_1_673' title='bbox 314 3836 363 3891; x_wconf 86' lang='lat' dir='ltr'>luit</span> <span class='ocrx_word' id='word_1_674' title='bbox 379 3831 451 3906; x_wconf 88' lang='lat' dir='ltr'>quod</span> <span class='ocrx_word' id='word_1_675' title='bbox 464 3841 506 3888; x_wconf 89' lang='lat' dir='ltr'>est</span> <span class='ocrx_word' id='word_1_676' title='bbox 533 3828 689 3885; x_wconf 88' lang='lat' dir='ltr'>interiectus</span> <span class='ocrx_word' id='word_1_677' title='bbox 712 3827 795 3882; x_wconf 86' lang='lat' dir='ltr'>danti.</span> <span class='ocrx_word' id='word_1_678' title='bbox 809 3826 896 3883; x_wconf 85' lang='lat' dir='ltr'>Etiam</span> <span class='ocrx_word' id='word_1_679' title='bbox 912 3843 971 3883; x_wconf 86' lang='lat' dir='ltr'>nte-</span> 
     </span>
     <span class='ocr_line' id='line_1_69' title="bbox 161 3898 973 3974; baseline -0.015 -8"><span class='ocrx_word' id='word_1_680' title='bbox 161 3908 258 3966; x_wconf 85' lang='lat' dir='ltr'>rnoria</span> <span class='ocrx_word' id='word_1_681' title='bbox 274 3907 390 3964; x_wconf 91' lang='lat' dir='ltr'>nominis</span> <span class='ocrx_word' id='word_1_682' title='bbox 402 3907 463 3974; x_wconf 80' lang='lat' dir='ltr'>ejus</span> <span class='ocrx_word' id='word_1_683' title='bbox 485 3915 562 3958; x_wconf 89' lang='lat' dir='ltr'>erasa</span> <span class='ocrx_word' id='word_1_684' title='bbox 588 3908 644 3964; x_wconf 72' lang='lat' dir='ltr'>est,</span> <span class='ocrx_word' id='word_1_685' title='bbox 661 3918 670 3951; x_wconf 86' lang='grc' dir='ltr'>ι</span> <span class='ocrx_word' id='word_1_686' title='bbox 686 3907 714 3954; x_wconf 91' lang='grc' dir='ltr'>ιι</span> <span class='ocrx_word' id='word_1_687' title='bbox 734 3899 773 3953; x_wconf 81' lang='grc' dir='ltr'>ιιι</span> <span class='ocrx_word' id='word_1_688' title='bbox 796 3898 923 3967; x_wconf 85' lang='lat' dir='ltr'>deinceps</span> <span class='ocrx_word' id='word_1_689' title='bbox 938 3900 973 3955; x_wconf 91' lang='lat' dir='ltr'>de</span> 
     </span>
     <span class='ocr_line' id='line_1_70' title="bbox 162 3969 971 4050; baseline -0.017 -13"><span class='ocrx_word' id='word_1_690' title='bbox 162 3981 295 4050; x_wconf 80' lang='lat' dir='ltr'>reliquis.</span> <span class='ocrx_word' id='word_1_691' title='bbox 306 3981 351 4045; x_wconf 79' lang='lat' dir='ltr'>At,</span> <span class='ocrx_word' id='word_1_692' title='bbox 367 3978 411 4049; x_wconf 90' lang='lat' dir='ltr'>qui</span> <span class='ocrx_word' id='word_1_693' title='bbox 425 3971 611 4033; x_wconf 86' lang='lat' dir='ltr'>Constantium</span> <span class='ocrx_word' id='word_1_694' title='bbox 625 3969 752 4025; x_wconf 84' lang='lat' dir='ltr'>Chlorutn</span> <span class='ocrx_word' id='word_1_695' title='bbox 777 3970 836 4025; x_wconf 80' lang='lat' dir='ltr'>vitre</span> <span class='ocrx_word' id='word_1_696' title='bbox 847 3971 971 4039; x_wconf 77' lang='lat' dir='ltr'>requierit,</span> 
     </span>
     <span class='ocr_line' id='line_1_71' title="bbox 162 4041 970 4121; baseline -0.015 -13"><span class='ocrx_word' id='word_1_697' title='bbox 162 4054 238 4108; x_wconf 86' lang='lat' dir='ltr'>sicut</span> <span class='ocrx_word' id='word_1_698' title='bbox 249 4059 396 4121; x_wconf 86' lang='lat' dir='ltr'>optauerat.</span> <span class='ocrx_word' id='word_1_699' title='bbox 416 4046 546 4118; x_wconf 82' lang='lat' dir='ltr'>accepisse</span> <span class='ocrx_word' id='word_1_700' title='bbox 566 4044 651 4113; x_wconf 87' lang='lat' dir='ltr'>ponit,</span> <span class='ocrx_word' id='word_1_701' title='bbox 668 4041 732 4111; x_wconf 88' lang='lat' dir='ltr'>quid</span> <span class='ocrx_word' id='word_1_702' title='bbox 749 4041 833 4109; x_wconf 88' lang='lat' dir='ltr'>ponit,</span> <span class='ocrx_word' id='word_1_703' title='bbox 847 4043 970 4108; x_wconf 90' lang='lat' dir='ltr'>obsecro,</span> 
     </span>
    </p>
   </div>
   <div class='ocr_carea' id='block_1_11' title="bbox 1023 3542 1832 4114">
    <p class='ocr_par' dir='ltr' id='par_1_12' title="bbox 1023 3542 1832 4114">
     <span class='ocr_line' id='line_1_72' title="bbox 1024 3542 1829 3600; baseline 0.002 -2"><span class='ocrx_word' id='word_1_704' title='bbox 1024 3542 1051 3598; x_wconf 90' lang='lat' dir='ltr'>id</span> <span class='ocrx_word' id='word_1_705' title='bbox 1062 3543 1143 3597; x_wconf 89' lang='lat' dir='ltr'>etiam</span> <span class='ocrx_word' id='word_1_706' title='bbox 1159 3542 1255 3598; x_wconf 82' lang='lat' dir='ltr'>iecisse</span> <span class='ocrx_word' id='word_1_707' title='bbox 1276 3552 1410 3599; x_wconf 85' lang='lat' dir='ltr'>constate</span> <span class='ocrx_word' id='word_1_708' title='bbox 1430 3543 1507 3598; x_wconf 81' lang='lat' dir='ltr'>tastis</span> <span class='ocrx_word' id='word_1_709' title='bbox 1520 3543 1709 3598; x_wconf 79' lang='lat' dir='ltr'>Alexandrinis</span> <span class='ocrx_word' id='word_1_710' title='bbox 1733 3559 1829 3600; x_wconf 87' lang='lat' dir='ltr'>manu·</span> 
     </span>
     <span class='ocr_line' id='line_1_73' title="bbox 1024 3611 1828 3680; baseline 0.001 -11"><span class='ocrx_word' id='word_1_711' title='bbox 1024 3613 1117 3680; x_wconf 87' lang='lat' dir='ltr'>scripti</span> <span class='ocrx_word' id='word_1_712' title='bbox 1140 3613 1295 3678; x_wconf 88' lang='lat' dir='ltr'>Usseriani,</span> <span class='ocrx_word' id='word_1_713' title='bbox 1312 3613 1438 3678; x_wconf 81' lang='lat' dir='ltr'>Timone,</span> <span class='ocrx_word' id='word_1_714' title='bbox 1465 3614 1492 3667; x_wconf 91' lang='lat' dir='ltr'>ni</span> <span class='ocrx_word' id='word_1_715' title='bbox 1524 3612 1611 3675; x_wconf 85' lang='lat' dir='ltr'>latior,</span> <span class='ocrx_word' id='word_1_716' title='bbox 1643 3611 1828 3671; x_wconf 76' lang='lat' dir='ltr'>Alexandrino</span> 
     </span>
     <span class='ocr_line' id='line_1_74' title="bbox 1024 3680 1828 3755; baseline 0.005 -18"><span class='ocrx_word' id='word_1_717' title='bbox 1024 3696 1146 3748; x_wconf 89' lang='lat' dir='ltr'>auctore,</span> <span class='ocrx_word' id='word_1_718' title='bbox 1160 3686 1205 3755; x_wconf 94' lang='lat' dir='ltr'>qni</span> <span class='ocrx_word' id='word_1_719' title='bbox 1217 3685 1278 3739; x_wconf 90' lang='lat' dir='ltr'>iitns</span> <span class='ocrx_word' id='word_1_720' title='bbox 1292 3685 1325 3739; x_wconf 89' lang='lat' dir='ltr'>ad</span> <span class='ocrx_word' id='word_1_721' title='bbox 1347 3698 1447 3740; x_wconf 78' lang='lat' dir='ltr'>arritum</span> <span class='ocrx_word' id='word_1_722' title='bbox 1462 3697 1548 3750; x_wconf 86' lang='lat' dir='ltr'>usque</span> <span class='ocrx_word' id='word_1_723' title='bbox 1575 3680 1681 3736; x_wconf 89' lang='lat' dir='ltr'>Domini</span> <span class='ocrx_word' id='word_1_724' title='bbox 1703 3698 1828 3742; x_wconf 83' lang='lat' dir='ltr'>secturus</span> 
     </span>
     <span class='ocr_line' id='line_1_75' title="bbox 1025 3753 1828 3825; baseline 0.001 -15"><span class='ocrx_word' id='word_1_725' title='bbox 1025 3755 1159 3825; x_wconf 84' lang='lat' dir='ltr'>perduxit.</span> <span class='ocrx_word' id='word_1_726' title='bbox 1176 3755 1214 3810; x_wconf 89' lang='lat' dir='ltr'>lbi</span> <span class='ocrx_word' id='word_1_727' title='bbox 1228 3756 1300 3811; x_wconf 91' lang='lat' dir='ltr'>enim</span> <span class='ocrx_word' id='word_1_728' title='bbox 1314 3771 1363 3824; x_wconf 91' lang='lat' dir='ltr'>pro</span> <span class='ocrx_word' id='word_1_729' title='bbox 1383 3754 1447 3809; x_wconf 81' lang='lat' dir='ltr'>arani</span> <span class='ocrx_word' id='word_1_730' title='bbox 1469 3768 1554 3811; x_wconf 89' lang='lat' dir='ltr'>cccru</span> <span class='ocrx_word' id='word_1_731' title='bbox 1569 3753 1745 3820; x_wconf 90' lang='lat' dir='ltr'>consulibus,</span> <span class='ocrx_word' id='word_1_732' title='bbox 1759 3770 1828 3823; x_wconf 84' lang='lat' dir='ltr'>quos</span> 
     </span>
     <span class='ocr_line' id='line_1_76' title="bbox 1024 3825 1829 3902; baseline 0.004 -21"><span class='ocrx_word' id='word_1_733' title='bbox 1024 3827 1134 3898; x_wconf 86' lang='lat' dir='ltr'>agnovit</span> <span class='ocrx_word' id='word_1_734' title='bbox 1148 3827 1292 3896; x_wconf 86' lang='lat' dir='ltr'>imperium</span> <span class='ocrx_word' id='word_1_735' title='bbox 1316 3825 1464 3889; x_wconf 81' lang='lat' dir='ltr'>Drieubrle,</span> <span class='ocrx_word' id='word_1_736' title='bbox 1486 3825 1599 3896; x_wconf 91' lang='lat' dir='ltr'>legimus</span> <span class='ocrx_word' id='word_1_737' title='bbox 1621 3825 1729 3902; x_wconf 72' lang='lat' dir='ltr'>zedapes</span> <span class='ocrx_word' id='word_1_738' title='bbox 1748 3828 1829 3884; x_wconf 77' lang='lat' dir='ltr'>eede-</span> 
     </span>
     <span class='ocr_line' id='line_1_77' title="bbox 1025 3900 1832 3974; baseline 0 -19"><span class='ocrx_word' id='word_1_739' title='bbox 1025 3901 1087 3955; x_wconf 82' lang='grc' dir='ltr'>στόι</span> <span class='ocrx_word' id='word_1_740' title='bbox 1126 3902 1170 3955; x_wconf 83' lang='grc' dir='ltr'>και</span> <span class='ocrx_word' id='word_1_741' title='bbox 1202 3900 1356 3973; x_wconf 63' lang='lat' dir='ltr'>limiricensis</span> <span class='ocrx_word' id='word_1_742' title='bbox 1392 3900 1526 3974; x_wconf 76' lang='grc' dir='ltr'>καίσαρι,</span> <span class='ocrx_word' id='word_1_743' title='bbox 1564 3904 1686 3952; x_wconf 87' lang='lat' dir='ltr'>nostrum</span> <span class='ocrx_word' id='word_1_744' title='bbox 1730 3913 1832 3965; x_wconf 78' lang='lat' dir='ltr'>tremos</span> 
     </span>
     <span class='ocr_line' id='line_1_78' title="bbox 1023 3968 1830 4039; baseline 0.001 -15"><span class='ocrx_word' id='word_1_745' title='bbox 1023 3968 1214 4032; x_wconf 84' lang='lat' dir='ltr'>biariminum,</span> <span class='ocrx_word' id='word_1_746' title='bbox 1242 3973 1319 4035; x_wconf 76' lang='lat' dir='ltr'>curius</span> <span class='ocrx_word' id='word_1_747' title='bbox 1350 3968 1466 4039; x_wconf 88' lang='lat' dir='ltr'>primum</span> <span class='ocrx_word' id='word_1_748' title='bbox 1503 3969 1673 4024; x_wconf 89' lang='lat' dir='ltr'>consulatum</span> <span class='ocrx_word' id='word_1_749' title='bbox 1707 3970 1830 4038; x_wconf 90' lang='lat' dir='ltr'>reperire</span> 
     </span>
     <span class='ocr_line' id='line_1_79' title="bbox 1024 4038 1830 4114; baseline -0.001 -17"><span class='ocrx_word' id='word_1_750' title='bbox 1024 4056 1078 4097; x_wconf 89' lang='lat' dir='ltr'>non</span> <span class='ocrx_word' id='word_1_751' title='bbox 1089 4043 1173 4114; x_wconf 90' lang='lat' dir='ltr'>potuit</span> <span class='ocrx_word' id='word_1_752' title='bbox 1190 4041 1331 4106; x_wconf 86' lang='lat' dir='ltr'>Baluzius;</span> <span class='ocrx_word' id='word_1_753' title='bbox 1347 4053 1420 4110; x_wconf 78' lang='lat' dir='ltr'>supe</span> <span class='ocrx_word' id='word_1_754' title='bbox 1432 4039 1505 4095; x_wconf 89' lang='lat' dir='ltr'>enim</span> <span class='ocrx_word' id='word_1_755' title='bbox 1520 4039 1578 4092; x_wconf 83' lang='lat' dir='ltr'>bac</span> <span class='ocrx_word' id='word_1_756' title='bbox 1591 4039 1699 4093; x_wconf 90' lang='lat' dir='ltr'>nomina</span> <span class='ocrx_word' id='word_1_757' title='bbox 1717 4038 1787 4094; x_wconf 91' lang='lat' dir='ltr'>inter</span> <span class='ocrx_word' id='word_1_758' title='bbox 1799 4054 1830 4096; x_wconf 85' lang='lat' dir='ltr'>se</span> 
     </span>
    </p>
   </div>
   <div class='ocr_carea' id='block_1_12' title="bbox 161 4108 1841 5822">
    <p class='ocr_par' dir='ltr' id='par_1_13' title="bbox 161 4108 1841 5822">
     <span class='ocr_line' id='line_1_80' title="bbox 162 4108 1830 4196; baseline -0.008 -18"><span class='ocrx_word' id='word_1_759' title='bbox 162 4121 247 4196; x_wconf 87' lang='lat' dir='ltr'>quod</span> <span class='ocrx_word' id='word_1_760' title='bbox 266 4118 492 4190; x_wconf 80' lang='lat' dir='ltr'>eetesusjndteis</span> <span class='ocrx_word' id='word_1_761' title='bbox 507 4114 679 4170; x_wconf 82' lang='lat' dir='ltr'>severitatem</span> <span class='ocrx_word' id='word_1_762' title='bbox 697 4112 794 4182; x_wconf 89' lang='lat' dir='ltr'>sapiat,</span> <span class='ocrx_word' id='word_1_763' title='bbox 808 4128 841 4168; x_wconf 88' lang='grc' dir='ltr'>ιι</span> <span class='ocrx_word' id='word_1_764' title='bbox 855 4127 908 4168; x_wconf 91' lang='lat' dir='ltr'>non</span> <span class='ocrx_word' id='word_1_765' title='bbox 923 4128 972 4183; x_wconf 86' lang='lat' dir='ltr'>po·</span> <span class='ocrx_word' id='word_1_766' title='bbox 1024 4115 1190 4184; x_wconf 87' lang='lat' dir='ltr'>permiscent</span> <span class='ocrx_word' id='word_1_767' title='bbox 1211 4112 1319 4168; x_wconf 88' lang='lat' dir='ltr'>illorum</span> <span class='ocrx_word' id='word_1_768' title='bbox 1334 4121 1485 4182; x_wconf 88' lang='lat' dir='ltr'>temporum</span> <span class='ocrx_word' id='word_1_769' title='bbox 1507 4108 1666 4178; x_wconf 87' lang='lat' dir='ltr'>scriptores.</span> <span class='ocrx_word' id='word_1_770' title='bbox 1680 4108 1830 4177; x_wconf 80' lang='lat' dir='ltr'>Tempera-</span> 
     </span>
     <span class='ocr_line' id='line_1_81' title="bbox 163 4177 1827 4264; baseline -0.009 -14"><span class='ocrx_word' id='word_1_771' title='bbox 163 4197 228 4250; x_wconf 88' lang='lat' dir='ltr'>tius</span> <span class='ocrx_word' id='word_1_772' title='bbox 248 4207 371 4264; x_wconf 89' lang='lat' dir='ltr'>magnam</span> <span class='ocrx_word' id='word_1_773' title='bbox 397 4189 443 4245; x_wconf 90' lang='lat' dir='ltr'>Dei</span> <span class='ocrx_word' id='word_1_774' title='bbox 470 4187 660 4258; x_wconf 89' lang='lat' dir='ltr'>benignitatem</span> <span class='ocrx_word' id='word_1_775' title='bbox 688 4194 715 4237; x_wconf 90' lang='lat' dir='ltr'>et</span> <span class='ocrx_word' id='word_1_776' title='bbox 740 4182 973 4240; x_wconf 76' lang='lat' dir='ltr'>misericordiam?</span> <span class='ocrx_word' id='word_1_777' title='bbox 1025 4186 1062 4239; x_wconf 90' lang='lat' dir='ltr'>rit</span> <span class='ocrx_word' id='word_1_778' title='bbox 1077 4186 1167 4255; x_wconf 89' lang='lat' dir='ltr'>itaque</span> <span class='ocrx_word' id='word_1_779' title='bbox 1190 4183 1385 4253; x_wconf 73' lang='lat' dir='ltr'>aliquantisper</span> <span class='ocrx_word' id='word_1_780' title='bbox 1408 4180 1518 4251; x_wconf 81' lang='lat' dir='ltr'>Augusti</span> <span class='ocrx_word' id='word_1_781' title='bbox 1532 4180 1609 4233; x_wconf 91' lang='lat' dir='ltr'>titulo</span> <span class='ocrx_word' id='word_1_782' title='bbox 1623 4177 1827 4248; x_wconf 88' lang='lat' dir='ltr'>Constantinus,</span> 
     </span>
     <span class='ocr_line' id='line_1_82' title="bbox 162 4250 1830 4333; baseline -0.01 -11"><span class='ocrx_word' id='word_1_783' title='bbox 162 4265 234 4322; x_wconf 77' lang='lat' dir='ltr'>Nou</span> <span class='ocrx_word' id='word_1_784' title='bbox 247 4264 297 4319; x_wconf 86' lang='lat' dir='ltr'>luit</span> <span class='ocrx_word' id='word_1_785' title='bbox 309 4266 408 4333; x_wconf 88' lang='lat' dir='ltr'>itaque,</span> <span class='ocrx_word' id='word_1_786' title='bbox 420 4270 449 4315; x_wconf 92' lang='lat' dir='ltr'>ut</span> <span class='ocrx_word' id='word_1_787' title='bbox 464 4259 551 4329; x_wconf 88' lang='lat' dir='ltr'>palam</span> <span class='ocrx_word' id='word_1_788' title='bbox 566 4264 617 4325; x_wconf 89' lang='lat' dir='ltr'>est,</span> <span class='ocrx_word' id='word_1_789' title='bbox 633 4254 802 4311; x_wconf 89' lang='lat' dir='ltr'>Constantini</span> <span class='ocrx_word' id='word_1_790' title='bbox 818 4264 973 4326; x_wconf 89' lang='lat' dir='ltr'>pateranus</span> <span class='ocrx_word' id='word_1_791' title='bbox 1025 4267 1054 4311; x_wconf 94' lang='lat' dir='ltr'>ut</span> <span class='ocrx_word' id='word_1_792' title='bbox 1075 4264 1103 4310; x_wconf 92' lang='lat' dir='ltr'>et</span> <span class='ocrx_word' id='word_1_793' title='bbox 1122 4256 1287 4325; x_wconf 83' lang='lat' dir='ltr'>Partegyrico</span> <span class='ocrx_word' id='word_1_794' title='bbox 1313 4252 1440 4322; x_wconf 79' lang='lat' dir='ltr'>anonymi</span> <span class='ocrx_word' id='word_1_795' title='bbox 1463 4250 1594 4304; x_wconf 86' lang='lat' dir='ltr'>discimus</span> <span class='ocrx_word' id='word_1_796' title='bbox 1615 4250 1699 4305; x_wconf 83' lang='lat' dir='ltr'>coaeri</span> <span class='ocrx_word' id='word_1_797' title='bbox 1721 4250 1830 4306; x_wconf 91' lang='lat' dir='ltr'>illorum</span> 
     </span>
     <span class='ocr_line' id='line_1_83' title="bbox 163 4319 1828 4410; baseline -0.01 -18"><span class='ocrx_word' id='word_1_798' title='bbox 163 4352 205 4392; x_wconf 83' lang='lat' dir='ltr'>ex</span> <span class='ocrx_word' id='word_1_799' title='bbox 220 4335 413 4405; x_wconf 75' lang='lat' dir='ltr'>insignioribus</span> <span class='ocrx_word' id='word_1_800' title='bbox 434 4330 563 4386; x_wconf 83' lang='lat' dir='ltr'>Ecclesiae</span> <span class='ocrx_word' id='word_1_801' title='bbox 583 4325 800 4397; x_wconf 89' lang='lat' dir='ltr'>persecutoribus</span> <span class='ocrx_word' id='word_1_802' title='bbox 817 4326 973 4397; x_wconf 89' lang='lat' dir='ltr'>buiescrip·</span> <span class='ocrx_word' id='word_1_803' title='bbox 1025 4319 1828 4410; x_wconf 60' lang='lat' dir='ltr'>temporumauctorisDoowsusus.DiesCypxnrrttme,</span> 
     </span>
     <span class='ocr_line' id='line_1_84' title="bbox 161 4389 1830 4473; baseline -0.01 -10"><span class='ocrx_word' id='word_1_804' title='bbox 161 4408 238 4463; x_wconf 82' lang='lat' dir='ltr'>sori.</span> <span class='ocrx_word' id='word_1_805' title='bbox 254 4405 307 4462; x_wconf 86' lang='lat' dir='ltr'>Sed</span> <span class='ocrx_word' id='word_1_806' title='bbox 321 4419 370 4460; x_wconf 89' lang='lat' dir='ltr'>nec</span> <span class='ocrx_word' id='word_1_807' title='bbox 383 4402 468 4473; x_wconf 88' lang='lat' dir='ltr'>magis</span> <span class='ocrx_word' id='word_1_808' title='bbox 482 4398 658 4463; x_wconf 84' lang='lat' dir='ltr'>llaucroiuio,</span> <span class='ocrx_word' id='word_1_809' title='bbox 678 4398 756 4466; x_wconf 85' lang='lat' dir='ltr'>cujus</span> <span class='ocrx_word' id='word_1_810' title='bbox 771 4412 868 4467; x_wconf 90' lang='lat' dir='ltr'>nempe</span> <span class='ocrx_word' id='word_1_811' title='bbox 884 4398 974 4454; x_wconf 86' lang='lat' dir='ltr'>versio</span> <span class='ocrx_word' id='word_1_812' title='bbox 1024 4397 1183 4453; x_wconf 82' lang='lat' dir='ltr'>-Ftrmare</span> <span class='ocrx_word' id='word_1_813' title='bbox 1202 4394 1288 4465; x_wconf 88' lang='lat' dir='ltr'>possit</span> <span class='ocrx_word' id='word_1_814' title='bbox 1305 4394 1413 4463; x_wconf 77' lang='lat' dir='ltr'>egregie</span> <span class='ocrx_word' id='word_1_815' title='bbox 1428 4393 1504 4446; x_wconf 90' lang='lat' dir='ltr'>locus</span> <span class='ocrx_word' id='word_1_816' title='bbox 1518 4400 1570 4446; x_wconf 85' lang='lat' dir='ltr'>rste</span> <span class='ocrx_word' id='word_1_817' title='bbox 1582 4390 1705 4445; x_wconf 84' lang='lat' dir='ltr'>Eumenn</span> <span class='ocrx_word' id='word_1_818' title='bbox 1719 4407 1746 4446; x_wconf 92' lang='lat' dir='ltr'>tn</span> <span class='ocrx_word' id='word_1_819' title='bbox 1758 4389 1830 4447; x_wconf 91' lang='lat' dir='ltr'>Con·</span> 
     </span>
     <span class='ocr_line' id='line_1_85' title="bbox 164 4460 1830 4543; baseline -0.01 -9"><span class='ocrx_word' id='word_1_820' title='bbox 164 4479 214 4534; x_wconf 90' lang='lat' dir='ltr'>sic</span> <span class='ocrx_word' id='word_1_821' title='bbox 229 4478 326 4533; x_wconf 88' lang='lat' dir='ltr'>lrabeat</span> <span class='ocrx_word' id='word_1_822' title='bbox 339 4491 347 4529; x_wconf 74' lang='grc' dir='ltr'>ι</span> <span class='ocrx_word' id='word_1_823' title='bbox 362 4473 387 4529; x_wconf 89' lang='lat' dir='ltr'>tt</span> <span class='ocrx_word' id='word_1_824' title='bbox 407 4473 496 4543; x_wconf 80' lang='lat' dir='ltr'>eapiru</span> <span class='ocrx_word' id='word_1_825' title='bbox 509 4470 656 4524; x_wconf 83' lang='lat' dir='ltr'>desecarent</span> <span class='ocrx_word' id='word_1_826' title='bbox 680 4483 777 4523; x_wconf 84' lang='lat' dir='ltr'>contuse</span> <span class='ocrx_word' id='word_1_827' title='bbox 795 4470 815 4522; x_wconf 87' lang='lat' dir='ltr'>tt</span> <span class='ocrx_word' id='word_1_828' title='bbox 829 4469 897 4524; x_wconf 85' lang='lat' dir='ltr'>enuit</span> <span class='ocrx_word' id='word_1_829' title='bbox 910 4485 972 4524; x_wconf 89' lang='lat' dir='ltr'>sou·</span> <span class='ocrx_word' id='word_1_830' title='bbox 1025 4469 1135 4523; x_wconf 86' lang='lat' dir='ltr'>stantini</span> <span class='ocrx_word' id='word_1_831' title='bbox 1152 4468 1240 4536; x_wconf 82' lang='lat' dir='ltr'>Paneg</span> <span class='ocrx_word' id='word_1_832' title='bbox 1261 4465 1336 4520; x_wconf 87' lang='lat' dir='ltr'>rico:</span> <span class='ocrx_word' id='word_1_833' title='bbox 1359 4481 1368 4516; x_wconf 91' lang='grc' dir='ltr'>ι</span> <span class='ocrx_word' id='word_1_834' title='bbox 1386 4463 1408 4518; x_wconf 91' lang='grc'><strong>0</strong></span> <span class='ocrx_word' id='word_1_835' title='bbox 1423 4463 1558 4517; x_wconf 90' lang='lat' dir='ltr'>lortuuata</span> <span class='ocrx_word' id='word_1_836' title='bbox 1572 4470 1600 4516; x_wconf 89' lang='lat' dir='ltr'>et</span> <span class='ocrx_word' id='word_1_837' title='bbox 1614 4476 1686 4517; x_wconf 88' lang='grc' dir='ltr'>ιιιιιιι</span> <span class='ocrx_word' id='word_1_838' title='bbox 1704 4460 1830 4518; x_wconf 91' lang='lat' dir='ltr'>omuibus</span> 
     </span>
     <span class='ocr_line' id='line_1_86' title="bbox 165 4481 1832 4616; baseline -0.01 -12"><span class='ocrx_word' id='word_1_839' title='bbox 165 4549 261 4614; x_wconf 52' lang='lat' dir='ltr'>lecit&amp;</span> <span class='ocrx_word' id='word_1_840' title='bbox 275 4546 443 4610; x_wconf 79' lang='lat' dir='ltr'>adverbum,</span> <span class='ocrx_word' id='word_1_841' title='bbox 464 4541 581 4599; x_wconf 83' lang='lat' dir='ltr'>Placide.</span> <span class='ocrx_word' id='word_1_842' title='bbox 597 4549 696 4610; x_wconf 88' lang='lat' dir='ltr'>prouto</span> <span class='ocrx_word' id='word_1_843' title='bbox 717 4546 822 4603; x_wconf 82' lang='lat' dir='ltr'>tereret,</span> <span class='ocrx_word' id='word_1_844' title='bbox 838 4539 972 4609; x_wconf 77' lang='lat' dir='ltr'>expiravit.</span> <span class='ocrx_word' id='word_1_845' title='bbox 1024 4539 1132 4595; x_wconf 86' lang='lat' dir='ltr'>beatior</span> <span class='ocrx_word' id='word_1_846' title='bbox 1145 4539 1224 4592; x_wconf 90' lang='lat' dir='ltr'>terris</span> <span class='ocrx_word' id='word_1_847' title='bbox 1234 4481 1383 4599; x_wconf 69' lang='lat' dir='ltr'>licitannia,</span> <span class='ocrx_word' id='word_1_848' title='bbox 1402 4548 1462 4603; x_wconf 81' lang='lat' dir='ltr'>qnae</span> <span class='ocrx_word' id='word_1_849' title='bbox 1475 4530 1832 4616; x_wconf 74' lang='lat' dir='ltr'>CortstantinurnCmsarcm</span> 
     </span>
     <span class='ocr_line' id='line_1_87' title="bbox 165 4604 1831 4687; baseline -0.01 -14"><span class='ocrx_word' id='word_1_850' title='bbox 165 4619 246 4687; x_wconf 82' lang='lat' dir='ltr'>Quin</span> <span class='ocrx_word' id='word_1_851' title='bbox 260 4629 287 4675; x_wconf 89' lang='lat' dir='ltr'>et</span> <span class='ocrx_word' id='word_1_852' title='bbox 299 4611 613 4686; x_wconf 78' lang='lat' dir='ltr'>langenrinnsliusebio,</span> <span class='ocrx_word' id='word_1_853' title='bbox 624 4612 669 4680; x_wconf 88' lang='lat' dir='ltr'>qui</span> <span class='ocrx_word' id='word_1_854' title='bbox 682 4608 833 4665; x_wconf 80' lang='lat' dir='ltr'>Constantii</span> <span class='ocrx_word' id='word_1_855' title='bbox 847 4619 972 4676; x_wconf 90' lang='lat' dir='ltr'>ntortem,</span> <span class='ocrx_word' id='word_1_856' title='bbox 1046 4611 1112 4664; x_wconf 89' lang='lat' dir='ltr'>rima</span> <span class='ocrx_word' id='word_1_857' title='bbox 1131 4606 1238 4664; x_wconf 83' lang='lat' dir='ltr'>vidistit</span> <span class='ocrx_word' id='word_1_858' title='bbox 1254 4606 1376 4663; x_wconf 74' lang='lat' dir='ltr'>»Verius</span> <span class='ocrx_word' id='word_1_859' title='bbox 1392 4614 1481 4660; x_wconf 83' lang='grc' dir='ltr'>ιιαιιιι</span> <span class='ocrx_word' id='word_1_860' title='bbox 1500 4604 1627 4670; x_wconf 78' lang='lat' dir='ltr'>arbitror,</span> <span class='ocrx_word' id='word_1_861' title='bbox 1642 4619 1704 4673; x_wconf 87' lang='lat' dir='ltr'>quta</span> <span class='ocrx_word' id='word_1_862' title='bbox 1719 4612 1754 4658; x_wconf 90' lang='lat' dir='ltr'>tta</span> <span class='ocrx_word' id='word_1_863' title='bbox 1773 4618 1831 4660; x_wconf 90' lang='lat' dir='ltr'>me-</span> 
     </span>
     <span class='ocr_line' id='line_1_88' title="bbox 163 4624 1832 4762; baseline -0.011 -12"><span class='ocrx_word' id='word_1_864' title='bbox 163 4693 247 4752; x_wconf 62' lang='lat' dir='ltr'>reims</span> <span class='ocrx_word' id='word_1_865' title='bbox 259 4696 304 4746; x_wconf 80' lang='grc' dir='ltr'>τοῦ</span> <span class='ocrx_word' id='word_1_866' title='bbox 315 4689 372 4762; x_wconf 73' lang='grc' dir='ltr'>βίον</span> <span class='ocrx_word' id='word_1_867' title='bbox 397 4686 527 4758; x_wconf 72' lang='grc' dir='ltr'>εὐδόκιμοι</span> <span class='ocrx_word' id='word_1_868' title='bbox 548 4687 593 4740; x_wconf 79' lang='lat' dir='ltr'>eei</span> <span class='ocrx_word' id='word_1_869' title='bbox 616 4683 814 4758; x_wconf 70' lang='grc' dir='ltr'>τρισμακάριον,</span> <span class='ocrx_word' id='word_1_870' title='bbox 828 4681 975 4749; x_wconf 75' lang='lat' dir='ltr'>vitaefirretn</span> <span class='ocrx_word' id='word_1_871' title='bbox 1025 4624 1080 4737; x_wconf 63' lang='lat' dir='ltr'>iius</span> <span class='ocrx_word' id='word_1_872' title='bbox 1101 4687 1156 4736; x_wconf 88' lang='lat' dir='ltr'>tnta</span> <span class='ocrx_word' id='word_1_873' title='bbox 1183 4679 1269 4734; x_wconf 90' lang='lat' dir='ltr'>nostri</span> <span class='ocrx_word' id='word_1_874' title='bbox 1293 4676 1413 4733; x_wconf 85' lang='lat' dir='ltr'>narratio</span> <span class='ocrx_word' id='word_1_875' title='bbox 1437 4675 1596 4757; x_wconf 81' lang='lat' dir='ltr'>coltaerebit,</span> <span class='ocrx_word' id='word_1_876' title='bbox 1622 4672 1832 4731; x_wconf 87' lang='lat' dir='ltr'>Constantinum</span> 
     </span>
     <span class='ocr_line' id='line_1_89' title="bbox 165 4744 1829 4824; baseline -0.012 -5"><span class='ocrx_word' id='word_1_877' title='bbox 165 4760 335 4819; x_wconf 70' lang='lat' dir='ltr'>meabilem</span> <span class='ocrx_word' id='word_1_878' title='bbox 354 4769 440 4824; x_wconf 82' lang='lat' dir='ltr'>terque</span> <span class='ocrx_word' id='word_1_879' title='bbox 454 4759 553 4812; x_wconf 83' lang='lat' dir='ltr'>tearum</span> <span class='ocrx_word' id='word_1_880' title='bbox 576 4756 723 4809; x_wconf 79' lang='lat' dir='ltr'>vocaverit.</span> <span class='ocrx_word' id='word_1_881' title='bbox 737 4753 810 4816; x_wconf 83' lang='lat' dir='ltr'>Scio,</span> <span class='ocrx_word' id='word_1_882' title='bbox 825 4767 859 4806; x_wconf 88' lang='lat' dir='ltr'>ex</span> <span class='ocrx_word' id='word_1_883' title='bbox 881 4753 975 4821; x_wconf 86' lang='lat' dir='ltr'>quittto</span> <span class='ocrx_word' id='word_1_884' title='bbox 1026 4752 1114 4824; x_wconf 88' lang='lat' dir='ltr'>primo</span> <span class='ocrx_word' id='word_1_885' title='bbox 1127 4759 1246 4807; x_wconf 87' lang='lat' dir='ltr'>creatum</span> <span class='ocrx_word' id='word_1_886' title='bbox 1262 4748 1371 4804; x_wconf 79' lang='lat' dir='ltr'>luisses</span> <span class='ocrx_word' id='word_1_887' title='bbox 1386 4756 1461 4816; x_wconf 89' lang='lat' dir='ltr'>patre</span> <span class='ocrx_word' id='word_1_888' title='bbox 1473 4744 1618 4800; x_wconf 78' lang='lat' dir='ltr'>Gettaeenn</span> <span class='ocrx_word' id='word_1_889' title='bbox 1631 4744 1829 4816; x_wconf 80' lang='lat' dir='ltr'>insperatorem,</span> 
     </span>
     <span class='ocr_line' id='line_1_90' title="bbox 164 4814 1833 4901; baseline -0.011 -11"><span class='ocrx_word' id='word_1_890' title='bbox 164 4833 258 4901; x_wconf 75' lang='lat' dir='ltr'>leuius</span> <span class='ocrx_word' id='word_1_891' title='bbox 272 4832 332 4887; x_wconf 92' lang='lat' dir='ltr'>libri</span> <span class='ocrx_word' id='word_1_892' title='bbox 342 4832 440 4899; x_wconf 87' lang='lat' dir='ltr'>capite,</span> <span class='ocrx_word' id='word_1_893' title='bbox 454 4827 499 4880; x_wconf 83' lang='lat' dir='ltr'>Dei</span> <span class='ocrx_word' id='word_1_894' title='bbox 514 4824 672 4880; x_wconf 81' lang='lat' dir='ltr'>aduersarios</span> <span class='ocrx_word' id='word_1_895' title='bbox 691 4839 743 4877; x_wconf 88' lang='lat' dir='ltr'>uon</span> <span class='ocrx_word' id='word_1_896' title='bbox 760 4838 858 4892; x_wconf 83' lang='lat' dir='ltr'>seraper</span> <span class='ocrx_word' id='word_1_897' title='bbox 870 4822 976 4894; x_wconf 81' lang='lat' dir='ltr'>dignum</span> <span class='ocrx_word' id='word_1_898' title='bbox 1027 4824 1095 4879; x_wconf 87' lang='lat' dir='ltr'>sicut</span> <span class='ocrx_word' id='word_1_899' title='bbox 1109 4821 1222 4878; x_wconf 87' lang='lat' dir='ltr'>Orosius</span> <span class='ocrx_word' id='word_1_900' title='bbox 1237 4822 1343 4876; x_wconf 89' lang='lat' dir='ltr'>locutus</span> <span class='ocrx_word' id='word_1_901' title='bbox 1355 4826 1407 4873; x_wconf 91' lang='lat' dir='ltr'>est.</span> <span class='ocrx_word' id='word_1_902' title='bbox 1424 4814 1527 4872; x_wconf 88' lang='lat' dir='ltr'>Deinde</span> <span class='ocrx_word' id='word_1_903' title='bbox 1537 4816 1673 4882; x_wconf 87' lang='lat' dir='ltr'>eurttdem,</span> <span class='ocrx_word' id='word_1_904' title='bbox 1686 4818 1740 4886; x_wconf 81' lang='lat' dir='ltr'>jam</span> <span class='ocrx_word' id='word_1_905' title='bbox 1755 4827 1833 4886; x_wconf 88' lang='lat' dir='ltr'>patre</span> 
     </span>
     <span class='ocr_line' id='line_1_91' title="bbox 165 4887 1834 4973; baseline -0.011 -12"><span class='ocrx_word' id='word_1_906' title='bbox 165 4905 326 4961; x_wconf 80' lang='lat' dir='ltr'>eceterereo</span> <span class='ocrx_word' id='word_1_907' title='bbox 336 4903 447 4973; x_wconf 86' lang='lat' dir='ltr'>recipere</span> <span class='ocrx_word' id='word_1_908' title='bbox 457 4897 607 4953; x_wconf 82' lang='lat' dir='ltr'>mercedem.</span> <span class='ocrx_word' id='word_1_909' title='bbox 623 4894 675 4951; x_wconf 87' lang='lat' dir='ltr'>Sed</span> <span class='ocrx_word' id='word_1_910' title='bbox 689 4909 738 4949; x_wconf 91' lang='lat' dir='ltr'>nec</span> <span class='ocrx_word' id='word_1_911' title='bbox 749 4906 849 4952; x_wconf 86' lang='lat' dir='ltr'>noster.</span> <span class='ocrx_word' id='word_1_912' title='bbox 862 4892 975 4948; x_wconf 81' lang='lat' dir='ltr'>nech-</span> <span class='ocrx_word' id='word_1_913' title='bbox 1027 4906 1146 4957; x_wconf 89' lang='lat' dir='ltr'>mortun,</span> <span class='ocrx_word' id='word_1_914' title='bbox 1157 4895 1339 4948; x_wconf 90' lang='lat' dir='ltr'>renuntiatum</span> <span class='ocrx_word' id='word_1_915' title='bbox 1354 4888 1438 4943; x_wconf 83' lang='lat' dir='ltr'>luisse</span> <span class='ocrx_word' id='word_1_916' title='bbox 1451 4903 1466 4942; x_wconf 90' lang='lat' dir='ltr'>a</span> <span class='ocrx_word' id='word_1_917' title='bbox 1481 4887 1610 4969; x_wconf 82' lang='lat' dir='ltr'>militibus</span> <span class='ocrx_word' id='word_1_918' title='bbox 1619 4888 1730 4961; x_wconf 68' lang='grc' dir='ltr'>βασιλέα</span> <span class='ocrx_word' id='word_1_919' title='bbox 1740 4888 1834 4944; x_wconf 76' lang='lat' dir='ltr'>releb-</span> 
     </span>
     <span class='ocr_line' id='line_1_92' title="bbox 166 4957 1832 5042; baseline -0.012 -9"><span class='ocrx_word' id='word_1_920' title='bbox 166 4974 280 5042; x_wconf 83' lang='lat' dir='ltr'>sebius,</span> <span class='ocrx_word' id='word_1_921' title='bbox 303 4971 490 5029; x_wconf 89' lang='lat' dir='ltr'>Constantium</span> <span class='ocrx_word' id='word_1_922' title='bbox 515 4969 618 5037; x_wconf 88' lang='lat' dir='ltr'>uspiam</span> <span class='ocrx_word' id='word_1_923' title='bbox 646 4965 716 5021; x_wconf 91' lang='lat' dir='ltr'>inter</span> <span class='ocrx_word' id='word_1_924' title='bbox 740 4963 789 5018; x_wconf 86' lang='lat' dir='ltr'>Dei</span> <span class='ocrx_word' id='word_1_925' title='bbox 815 4964 977 5019; x_wconf 81' lang='lat' dir='ltr'>aduersarios</span> <span class='ocrx_word' id='word_1_926' title='bbox 1027 4987 1104 5022; x_wconf 77' lang='lat' dir='ltr'>reeca</span> <span class='ocrx_word' id='word_1_927' title='bbox 1115 4969 1156 5019; x_wconf 76' lang='grc' dir='ltr'>ναι</span> <span class='ocrx_word' id='word_1_928' title='bbox 1172 4963 1312 5029; x_wconf 65' lang='lat' dir='ltr'>retemta,</span> <span class='ocrx_word' id='word_1_929' title='bbox 1331 4975 1391 5030; x_wconf 79' lang='lat' dir='ltr'>quaa</span> <span class='ocrx_word' id='word_1_930' title='bbox 1404 4959 1513 5013; x_wconf 82' lang='lat' dir='ltr'>Eusebu</span> <span class='ocrx_word' id='word_1_931' title='bbox 1532 4959 1615 5012; x_wconf 85' lang='lat' dir='ltr'>rerba</span> <span class='ocrx_word' id='word_1_932' title='bbox 1635 4968 1708 5013; x_wconf 87' lang='lat' dir='ltr'>sutrt.</span> <span class='ocrx_word' id='word_1_933' title='bbox 1723 4957 1832 5040; x_wconf 76' lang='lat' dir='ltr'>Tertio,</span> 
     </span>
     <span class='ocr_line' id='line_1_93' title="bbox 166 5030 1834 5110; baseline -0.01 -11"><span class='ocrx_word' id='word_1_934' title='bbox 166 5054 352 5105; x_wconf 79' lang='lat' dir='ltr'>censuerunt.</span> <span class='ocrx_word' id='word_1_935' title='bbox 376 5042 465 5110; x_wconf 87' lang='lat' dir='ltr'>Quare</span> <span class='ocrx_word' id='word_1_936' title='bbox 480 5039 568 5095; x_wconf 86' lang='lat' dir='ltr'>videat</span> <span class='ocrx_word' id='word_1_937' title='bbox 589 5036 762 5093; x_wconf 90' lang='lat' dir='ltr'>doctissimus</span> <span class='ocrx_word' id='word_1_938' title='bbox 787 5036 896 5105; x_wconf 75' lang='lat' dir='ltr'>praesul,</span> <span class='ocrx_word' id='word_1_939' title='bbox 911 5050 978 5106; x_wconf 90' lang='lat' dir='ltr'>qno·</span> <span class='ocrx_word' id='word_1_940' title='bbox 1027 5037 1155 5092; x_wconf 88' lang='lat' dir='ltr'>eumdem</span> <span class='ocrx_word' id='word_1_941' title='bbox 1169 5048 1271 5096; x_wconf 90' lang='lat' dir='ltr'>rursus,</span> <span class='ocrx_word' id='word_1_942' title='bbox 1295 5045 1343 5100; x_wconf 90' lang='lat' dir='ltr'>pro</span> <span class='ocrx_word' id='word_1_943' title='bbox 1357 5043 1463 5083; x_wconf 82' lang='lat' dir='ltr'>srrntma</span> <span class='ocrx_word' id='word_1_944' title='bbox 1484 5037 1630 5098; x_wconf 88' lang='lat' dir='ltr'>potestate,</span> <span class='ocrx_word' id='word_1_945' title='bbox 1651 5044 1732 5110; x_wconf 82' lang='lat' dir='ltr'>quam</span> <span class='ocrx_word' id='word_1_946' title='bbox 1746 5030 1834 5083; x_wconf 86' lang='lat' dir='ltr'>stbta</span> 
     </span>
     <span class='ocr_line' id='line_1_94' title="bbox 167 5096 1835 5182; baseline -0.012 -7"><span class='ocrx_word' id='word_1_947' title='bbox 167 5115 262 5175; x_wconf 87' lang='lat' dir='ltr'>modo</span> <span class='ocrx_word' id='word_1_948' title='bbox 273 5113 440 5173; x_wconf 86' lang='lat' dir='ltr'>Constantini</span> <span class='ocrx_word' id='word_1_949' title='bbox 456 5122 559 5182; x_wconf 89' lang='lat' dir='ltr'>patrem</span> <span class='ocrx_word' id='word_1_950' title='bbox 585 5110 643 5181; x_wconf 90' lang='lat' dir='ltr'>ipse</span> <span class='ocrx_word' id='word_1_951' title='bbox 657 5107 755 5163; x_wconf 90' lang='lat' dir='ltr'>melius</span> <span class='ocrx_word' id='word_1_952' title='bbox 766 5108 881 5172; x_wconf 85' lang='lat' dir='ltr'>noterit,</span> <span class='ocrx_word' id='word_1_953' title='bbox 896 5122 976 5177; x_wconf 92' lang='lat' dir='ltr'>quam</span> <span class='ocrx_word' id='word_1_954' title='bbox 1028 5117 1105 5177; x_wconf 89' lang='lat' dir='ltr'>patre</span> <span class='ocrx_word' id='word_1_955' title='bbox 1114 5113 1143 5159; x_wconf 90' lang='lat' dir='ltr'>et</span> <span class='ocrx_word' id='word_1_956' title='bbox 1155 5104 1190 5159; x_wconf 91' lang='lat' dir='ltr'>ab</span> <span class='ocrx_word' id='word_1_957' title='bbox 1205 5103 1324 5158; x_wconf 85' lang='lat' dir='ltr'>exercitu</span> <span class='ocrx_word' id='word_1_958' title='bbox 1335 5098 1451 5180; x_wconf 84' lang='lat' dir='ltr'>delatam</span> <span class='ocrx_word' id='word_1_959' title='bbox 1462 5096 1580 5178; x_wconf 82' lang='lat' dir='ltr'>ridebat,</span> <span class='ocrx_word' id='word_1_960' title='bbox 1592 5111 1761 5180; x_wconf 78' lang='lat' dir='ltr'>sarrctronem</span> <span class='ocrx_word' id='word_1_961' title='bbox 1774 5100 1835 5155; x_wconf 87' lang='lat' dir='ltr'>siue</span> 
     </span>
     <span class='ocr_line' id='line_1_95' title="bbox 167 5167 1833 5253; baseline -0.013 -8"><span class='ocrx_word' id='word_1_962' title='bbox 167 5189 235 5246; x_wconf 88' lang='lat' dir='ltr'>duo</span> <span class='ocrx_word' id='word_1_963' title='bbox 247 5188 284 5242; x_wconf 89' lang='lat' dir='ltr'>illi</span> <span class='ocrx_word' id='word_1_964' title='bbox 294 5184 444 5241; x_wconf 89' lang='lat' dir='ltr'>Constantii</span> <span class='ocrx_word' id='word_1_965' title='bbox 455 5181 548 5239; x_wconf 86' lang='lat' dir='ltr'>Chlori</span> <span class='ocrx_word' id='word_1_966' title='bbox 555 5179 674 5252; x_wconf 66' lang='lat' dir='ltr'>{equales</span> <span class='ocrx_word' id='word_1_967' title='bbox 686 5178 819 5233; x_wconf 87' lang='lat' dir='ltr'>noscitare</span> <span class='ocrx_word' id='word_1_968' title='bbox 831 5178 976 5248; x_wconf 88' lang='lat' dir='ltr'>potuerint.</span> <span class='ocrx_word' id='word_1_969' title='bbox 1029 5192 1106 5233; x_wconf 89' lang='lat' dir='ltr'>rnora</span> <span class='ocrx_word' id='word_1_970' title='bbox 1120 5174 1271 5244; x_wconf 88' lang='lat' dir='ltr'>ingratiam</span> <span class='ocrx_word' id='word_1_971' title='bbox 1284 5169 1517 5252; x_wconf 71' lang='lat' dir='ltr'>(Danstianarurn,¹</span> <span class='ocrx_word' id='word_1_972' title='bbox 1528 5183 1572 5237; x_wconf 86' lang='lat' dir='ltr'>qur</span> <span class='ocrx_word' id='word_1_973' title='bbox 1591 5184 1618 5221; x_wconf 89' lang='grc' dir='ltr'>ιιι</span> <span class='ocrx_word' id='word_1_974' title='bbox 1638 5167 1732 5251; x_wconf 64' lang='lat' dir='ltr'>(labiis</span> <span class='ocrx_word' id='word_1_975' title='bbox 1744 5177 1833 5253; x_wconf 82' lang='lat' dir='ltr'>erant,</span> 
     </span>
     <span class='ocr_line' id='line_1_96' title="bbox 166 5240 1835 5329; baseline -0.013 -13"><span class='ocrx_word' id='word_1_976' title='bbox 166 5260 248 5316; x_wconf 80' lang='lat' dir='ltr'>Nam</span> <span class='ocrx_word' id='word_1_977' title='bbox 263 5256 334 5329; x_wconf 89' lang='lat' dir='ltr'>qaod</span> <span class='ocrx_word' id='word_1_978' title='bbox 359 5258 430 5311; x_wconf 91' lang='lat' dir='ltr'>iuter</span> <span class='ocrx_word' id='word_1_979' title='bbox 452 5255 504 5310; x_wconf 90' lang='lat' dir='ltr'>alia</span> <span class='ocrx_word' id='word_1_980' title='bbox 526 5262 588 5322; x_wconf 87' lang='lat' dir='ltr'>post</span> <span class='ocrx_word' id='word_1_981' title='bbox 601 5249 744 5307; x_wconf 84' lang='lat' dir='ltr'>Eusebium</span> <span class='ocrx_word' id='word_1_982' title='bbox 765 5258 897 5304; x_wconf 86' lang='lat' dir='ltr'>rtteruorat</span> <span class='ocrx_word' id='word_1_983' title='bbox 911 5249 977 5303; x_wconf 82' lang='lat' dir='ltr'>llos·</span> <span class='ocrx_word' id='word_1_984' title='bbox 1029 5264 1091 5304; x_wconf 88' lang='lat' dir='ltr'>curu</span> <span class='ocrx_word' id='word_1_985' title='bbox 1106 5248 1216 5316; x_wconf 69' lang='lat' dir='ltr'>practico</span> <span class='ocrx_word' id='word_1_986' title='bbox 1230 5245 1335 5313; x_wconf 80' lang='lat' dir='ltr'>Augusta</span> <span class='ocrx_word' id='word_1_987' title='bbox 1350 5240 1428 5293; x_wconf 91' lang='lat' dir='ltr'>tttuln</span> <span class='ocrx_word' id='word_1_988' title='bbox 1442 5253 1576 5302; x_wconf 83' lang='lat' dir='ltr'>ernustsse,</span> <span class='ocrx_word' id='word_1_989' title='bbox 1588 5252 1639 5320; x_wconf 84' lang='lat' dir='ltr'>qua</span> <span class='ocrx_word' id='word_1_990' title='bbox 1654 5240 1716 5321; x_wconf 76' lang='lat' dir='ltr'>ullos</span> <span class='ocrx_word' id='word_1_991' title='bbox 1728 5242 1835 5310; x_wconf 79' lang='lat' dir='ltr'>publico</span> 
     </span>
     <span class='ocr_line' id='line_1_97' title="bbox 169 5309 1836 5398; baseline -0.014 -10"><span class='ocrx_word' id='word_1_992' title='bbox 169 5339 286 5395; x_wconf 84' lang='lat' dir='ltr'>suetus,</span> <span class='ocrx_word' id='word_1_993' title='bbox 309 5326 466 5398; x_wconf 85' lang='lat' dir='ltr'>Procopium</span> <span class='ocrx_word' id='word_1_994' title='bbox 490 5323 633 5395; x_wconf 74' lang='lat' dir='ltr'>liurtgrem</span> <span class='ocrx_word' id='word_1_995' title='bbox 643 5322 746 5393; x_wconf 74' lang='lat' dir='ltr'>iussum</span> <span class='ocrx_word' id='word_1_996' title='bbox 770 5320 851 5392; x_wconf 73' lang='lat' dir='ltr'>fuisse</span> <span class='ocrx_word' id='word_1_997' title='bbox 867 5329 978 5392; x_wconf 85' lang='lat' dir='ltr'>quatuor</span> <span class='ocrx_word' id='word_1_998' title='bbox 1031 5320 1072 5375; x_wconf 90' lang='lat' dir='ltr'>sui</span> <span class='ocrx_word' id='word_1_999' title='bbox 1087 5318 1133 5373; x_wconf 90' lang='lat' dir='ltr'>Dei</span> <span class='ocrx_word' id='word_1_1000' title='bbox 1145 5315 1229 5372; x_wconf 89' lang='lat' dir='ltr'>cultui</span> <span class='ocrx_word' id='word_1_1001' title='bbox 1241 5312 1383 5377; x_wconf 63' lang='lat' dir='ltr'>redderem</span> <span class='ocrx_word' id='word_1_1002' title='bbox 1398 5309 1509 5392; x_wconf 84' lang='lat' dir='ltr'>baccque</span> <span class='ocrx_word' id='word_1_1003' title='bbox 1522 5323 1624 5375; x_wconf 91' lang='lat' dir='ltr'>omma,</span> <span class='ocrx_word' id='word_1_1004' title='bbox 1635 5324 1791 5393; x_wconf 79' lang='lat' dir='ltr'>priusquam</span> <span class='ocrx_word' id='word_1_1005' title='bbox 1802 5325 1836 5365; x_wconf 85' lang='lat' dir='ltr'>ex</span> 
     </span>
     <span class='ocr_line' id='line_1_98' title="bbox 167 5377 1837 5471; baseline -0.014 -13"><span class='ocrx_word' id='word_1_1006' title='bbox 167 5399 292 5471; x_wconf 73' lang='lat' dir='ltr'>reptes,</span> <span class='ocrx_word' id='word_1_1007' title='bbox 308 5398 428 5468; x_wconf 90' lang='lat' dir='ltr'>adeoque</span> <span class='ocrx_word' id='word_1_1008' title='bbox 439 5395 597 5452; x_wconf 86' lang='lat' dir='ltr'>Constantio</span> <span class='ocrx_word' id='word_1_1009' title='bbox 610 5390 722 5456; x_wconf 89' lang='lat' dir='ltr'>Cblorn,</span> <span class='ocrx_word' id='word_1_1010' title='bbox 738 5391 845 5446; x_wconf 89' lang='lat' dir='ltr'>illorum</span> <span class='ocrx_word' id='word_1_1011' title='bbox 870 5392 928 5458; x_wconf 89' lang='lat' dir='ltr'>uni,</span> <span class='ocrx_word' id='word_1_1012' title='bbox 944 5388 978 5443; x_wconf 85' lang='lat' dir='ltr'>tt·</span> <span class='ocrx_word' id='word_1_1013' title='bbox 1031 5389 1129 5460; x_wconf 79' lang='lat' dir='ltr'>Arrglia</span> <span class='ocrx_word' id='word_1_1014' title='bbox 1144 5388 1267 5442; x_wconf 80' lang='lat' dir='ltr'>antatium</span> <span class='ocrx_word' id='word_1_1015' title='bbox 1283 5385 1366 5438; x_wconf 77' lang='lat' dir='ltr'>tritum</span> <span class='ocrx_word' id='word_1_1016' title='bbox 1380 5380 1505 5463; x_wconf 81' lang='lat' dir='ltr'>Galenus</span> <span class='ocrx_word' id='word_1_1017' title='bbox 1518 5380 1551 5435; x_wconf 90' lang='lat' dir='ltr'>de</span> <span class='ocrx_word' id='word_1_1018' title='bbox 1566 5377 1735 5435; x_wconf 76' lang='lat' dir='ltr'>Constantem</span> <span class='ocrx_word' id='word_1_1019' title='bbox 1751 5397 1777 5434; x_wconf 92' lang='lat' dir='ltr'>m</span> <span class='ocrx_word' id='word_1_1020' title='bbox 1790 5395 1837 5450; x_wconf 77' lang='grc' dir='ltr'>ιιι·</span> 
     </span>
     <span class='ocr_line' id='line_1_99' title="bbox 170 5452 1838 5538; baseline -0.016 -10"><span class='ocrx_word' id='word_1_1021' title='bbox 170 5474 250 5537; x_wconf 78' lang='lat' dir='ltr'>sere,</span> <span class='ocrx_word' id='word_1_1022' title='bbox 262 5467 427 5538; x_wconf 89' lang='lat' dir='ltr'>id,inquam,</span> <span class='ocrx_word' id='word_1_1023' title='bbox 442 5483 503 5522; x_wconf 91' lang='lat' dir='ltr'>cum</span> <span class='ocrx_word' id='word_1_1024' title='bbox 527 5465 634 5521; x_wconf 80' lang='lat' dir='ltr'>caeteris</span> <span class='ocrx_word' id='word_1_1025' title='bbox 647 5477 708 5534; x_wconf 75' lang='lat' dir='ltr'>quse</span> <span class='ocrx_word' id='word_1_1026' title='bbox 720 5476 770 5534; x_wconf 90' lang='lat' dir='ltr'>pro</span> <span class='ocrx_word' id='word_1_1027' title='bbox 790 5476 838 5517; x_wconf 90' lang='lat' dir='ltr'>sua</span> <span class='ocrx_word' id='word_1_1028' title='bbox 854 5476 979 5532; x_wconf 89' lang='lat' dir='ltr'>persecu·</span> <span class='ocrx_word' id='word_1_1029' title='bbox 1033 5461 1083 5518; x_wconf 90' lang='lat' dir='ltr'>tris</span> <span class='ocrx_word' id='word_1_1030' title='bbox 1093 5459 1182 5515; x_wconf 88' lang='lat' dir='ltr'>locum</span> <span class='ocrx_word' id='word_1_1031' title='bbox 1193 5455 1363 5513; x_wconf 87' lang='lat' dir='ltr'>successione</span> <span class='ocrx_word' id='word_1_1032' title='bbox 1376 5459 1534 5533; x_wconf 80' lang='lat' dir='ltr'>accepisset,</span> <span class='ocrx_word' id='word_1_1033' title='bbox 1550 5452 1681 5520; x_wconf 86' lang='lat' dir='ltr'>adeoque,</span> <span class='ocrx_word' id='word_1_1034' title='bbox 1692 5461 1838 5532; x_wconf 81' lang='lat' dir='ltr'>antequam</span> 
     </span>
     <span class='ocr_line' id='line_1_100' title="bbox 171 5523 1838 5614; baseline -0.015 -13"><span class='ocrx_word' id='word_1_1035' title='bbox 171 5555 272 5601; x_wconf 88' lang='lat' dir='ltr'>torum</span> <span class='ocrx_word' id='word_1_1036' title='bbox 286 5554 373 5597; x_wconf 87' lang='lat' dir='ltr'>turma</span> <span class='ocrx_word' id='word_1_1037' title='bbox 387 5537 506 5611; x_wconf 89' lang='lat' dir='ltr'>protulit,</span> <span class='ocrx_word' id='word_1_1038' title='bbox 519 5551 596 5607; x_wconf 82' lang='lat' dir='ltr'>teque</span> <span class='ocrx_word' id='word_1_1039' title='bbox 608 5534 677 5590; x_wconf 87' lang='lat' dir='ltr'>bene</span> <span class='ocrx_word' id='word_1_1040' title='bbox 688 5532 815 5600; x_wconf 80' lang='lat' dir='ltr'>Etrsebio,</span> <span class='ocrx_word' id='word_1_1041' title='bbox 832 5542 860 5587; x_wconf 92' lang='grc' dir='ltr'>ιιι</span> <span class='ocrx_word' id='word_1_1042' title='bbox 884 5545 980 5589; x_wconf 90' lang='lat' dir='ltr'>omnes</span> <span class='ocrx_word' id='word_1_1043' title='bbox 1032 5532 1072 5597; x_wconf 88' lang='lat' dir='ltr'>id,</span> <span class='ocrx_word' id='word_1_1044' title='bbox 1085 5531 1157 5614; x_wconf 87' lang='lat' dir='ltr'>quud</span> <span class='ocrx_word' id='word_1_1045' title='bbox 1170 5528 1293 5599; x_wconf 78' lang='lat' dir='ltr'>sequenti</span> <span class='ocrx_word' id='word_1_1046' title='bbox 1304 5523 1564 5595; x_wconf 83' lang='lat' dir='ltr'>capitenarrabrtur,</span> <span class='ocrx_word' id='word_1_1047' title='bbox 1579 5524 1712 5604; x_wconf 79' lang='lat' dir='ltr'>potuisset</span> <span class='ocrx_word' id='word_1_1048' title='bbox 1724 5536 1838 5577; x_wconf 85' lang='lat' dir='ltr'>cotnmt·</span> 
     </span>
     <span class='ocr_line' id='line_1_101' title="bbox 169 5593 1841 5680; baseline -0.014 -9"><span class='ocrx_word' id='word_1_1049' title='bbox 169 5615 348 5678; x_wconf 75' lang='lat' dir='ltr'>tstebontur,</span> <span class='ocrx_word' id='word_1_1050' title='bbox 360 5614 545 5673; x_wconf 87' lang='lat' dir='ltr'>innotuerunt,</span> <span class='ocrx_word' id='word_1_1051' title='bbox 556 5615 637 5678; x_wconf 88' lang='lat' dir='ltr'>atque</span> <span class='ocrx_word' id='word_1_1052' title='bbox 650 5604 778 5662; x_wconf 85' lang='lat' dir='ltr'>lleideosi</span> <span class='ocrx_word' id='word_1_1053' title='bbox 793 5604 930 5675; x_wconf 87' lang='lat' dir='ltr'>episcopo.</span> <span class='ocrx_word' id='word_1_1054' title='bbox 945 5602 981 5660; x_wconf 76' lang='lat' dir='ltr'>bit</span> <span class='ocrx_word' id='word_1_1055' title='bbox 1033 5604 1120 5659; x_wconf 81' lang='lat' dir='ltr'>nisce:</span> <span class='ocrx_word' id='word_1_1056' title='bbox 1139 5602 1188 5657; x_wconf 87' lang='lat' dir='ltr'>sed</span> <span class='ocrx_word' id='word_1_1057' title='bbox 1202 5600 1282 5655; x_wconf 89' lang='lat' dir='ltr'>allata</span> <span class='ocrx_word' id='word_1_1058' title='bbox 1305 5597 1413 5680; x_wconf 85' lang='lat' dir='ltr'>demum</span> <span class='ocrx_word' id='word_1_1059' title='bbox 1438 5606 1498 5663; x_wconf 89' lang='lat' dir='ltr'>post</span> <span class='ocrx_word' id='word_1_1060' title='bbox 1519 5609 1618 5674; x_wconf 80' lang='lat' dir='ltr'>paucas</span> <span class='ocrx_word' id='word_1_1061' title='bbox 1641 5593 1700 5649; x_wconf 81' lang='lat' dir='ltr'>dies</span> <span class='ocrx_word' id='word_1_1062' title='bbox 1716 5594 1841 5676; x_wconf 72' lang='lat' dir='ltr'>laureata</span> 
     </span>
     <span class='ocr_line' id='line_1_102' title="bbox 169 5667 1841 5749; baseline -0.014 -6"><span class='ocrx_word' id='word_1_1063' title='bbox 169 5685 317 5743; x_wconf 80' lang='lat' dir='ltr'>Eusebius</span> <span class='ocrx_word' id='word_1_1064' title='bbox 327 5693 417 5739; x_wconf 89' lang='lat' dir='ltr'>tamen</span> <span class='ocrx_word' id='word_1_1065' title='bbox 430 5679 617 5738; x_wconf 88' lang='lat' dir='ltr'>Constantium</span> <span class='ocrx_word' id='word_1_1066' title='bbox 628 5675 757 5734; x_wconf 87' lang='lat' dir='ltr'>Chiorum</span> <span class='ocrx_word' id='word_1_1067' title='bbox 770 5673 980 5733; x_wconf 87' lang='lat' dir='ltr'>Persecutorum</span> <span class='ocrx_word' id='word_1_1068' title='bbox 1033 5673 1097 5730; x_wconf 87' lang='lat' dir='ltr'>nori</span> <span class='ocrx_word' id='word_1_1069' title='bbox 1112 5671 1220 5744; x_wconf 80' lang='lat' dir='ltr'>Augusti</span> <span class='ocrx_word' id='word_1_1070' title='bbox 1233 5672 1350 5740; x_wconf 89' lang='lat' dir='ltr'>imagute</span> <span class='ocrx_word' id='word_1_1071' title='bbox 1360 5667 1393 5723; x_wconf 89' lang='lat' dir='ltr'>ad</span> <span class='ocrx_word' id='word_1_1072' title='bbox 1404 5668 1501 5723; x_wconf 79' lang='lat' dir='ltr'>enatam</span> <span class='ocrx_word' id='word_1_1073' title='bbox 1514 5667 1636 5749; x_wconf 80' lang='lat' dir='ltr'>bestiam,</span> <span class='ocrx_word' id='word_1_1074' title='bbox 1653 5678 1769 5736; x_wconf 87' lang='lat' dir='ltr'>eoeptsse</span> <span class='ocrx_word' id='word_1_1075' title='bbox 1783 5672 1841 5720; x_wconf 89' lang='lat' dir='ltr'>tum</span> 
     </span>
     <span class='ocr_line' id='line_1_103' title="bbox 167 5738 1841 5822; baseline -0.014 -8"><span class='ocrx_word' id='word_1_1076' title='bbox 167 5769 277 5819; x_wconf 84' lang='lat' dir='ltr'>umero</span> <span class='ocrx_word' id='word_1_1077' title='bbox 298 5755 485 5812; x_wconf 86' lang='lat' dir='ltr'>disertissime</span> <span class='ocrx_word' id='word_1_1078' title='bbox 503 5751 615 5820; x_wconf 80' lang='lat' dir='ltr'>exemit,</span> <span class='ocrx_word' id='word_1_1079' title='bbox 642 5748 786 5822; x_wconf 88' lang='lat' dir='ltr'>eidemque</span> <span class='ocrx_word' id='word_1_1080' title='bbox 808 5756 916 5804; x_wconf 80' lang='lat' dir='ltr'>morton</span> <span class='ocrx_word' id='word_1_1081' title='bbox 941 5755 980 5805; x_wconf 86' lang='lat' dir='ltr'>ter</span> <span class='ocrx_word' id='word_1_1082' title='bbox 1035 5742 1349 5816; x_wconf 76' lang='lat' dir='ltr'>Celeriuuexcogitarc,</span> <span class='ocrx_word' id='word_1_1083' title='bbox 1365 5747 1394 5796; x_wconf 92' lang='lat' dir='ltr'>ut</span> <span class='ocrx_word' id='word_1_1084' title='bbox 1407 5738 1548 5800; x_wconf 82' lang='lat' dir='ltr'>Severum.</span> <span class='ocrx_word' id='word_1_1085' title='bbox 1564 5753 1609 5807; x_wconf 87' lang='lat' dir='ltr'>qm</span> <span class='ocrx_word' id='word_1_1086' title='bbox 1623 5745 1841 5794; x_wconf 81' lang='lat' dir='ltr'>stataetatetua·</span> 
     </span>
    </p>
   </div>
   <div class='ocr_carea' id='block_1_13' title="bbox 304 5827 1573 5917">
    <p class='ocr_par' dir='ltr' id='par_1_14' title="bbox 304 5827 1573 5917">
     <span class='ocr_line' id='line_1_104' title="bbox 304 5827 1573 5917; baseline 0.001 0"><span class='ocrx_word' id='word_1_1087' title='bbox 304 5849 444 5917; x_wconf 80' lang='lat' dir='ltr'>Persou.</span> <span class='ocrx_word' id='word_1_1088' title='bbox 468 5844 536 5912; x_wconf 86' lang='lat' dir='ltr'>vu.</span> <span class='ocrx_word' id='word_1_1089' title='bbox 1533 5827 1573 5892; x_wconf 51' lang='grc' dir='ltr'>Ψ*</span> 
     </span>
    </p>
   </div>
   <div class='ocr_carea' id='block_1_14' title="bbox 0 0 2088 6180">
    <p class='ocr_par' dir='ltr' id='par_1_15' title="bbox 0 0 2088 6180">
     <span class='ocr_line' id='line_1_105' title="bbox 0 0 2088 6180; baseline 0 0"><span class='ocrx_word' id='word_1_1090' title='bbox 0 0 2088 6180; x_wconf 95' lang='lat' dir='ltr'> </span> 
     </span>
    </p>
   </div>
  </div>
 </body>
</html>
