4142 6184
278 292 348 353 root
1003 274 1220 335 renouant.
1863 275 1934 342 Μ,

584 413 733 460 mmm
752 411 781 454 V·
1095 394 1281 464 AConatunt,
1297 411 1355 466 cup.
1383 394 1442 468 25).
1457 395 1559 455 Verum
1579 396 1624 455 alil
1639 398 1665 456 id
1681 397 1933 473 paganarumque

287 504 419 571 ernntunt
439 497 622 557 Conaluolinus
636 493 790 552 Christianis
804 489 914 560 scrinii,
937 506 982 543 carr
995 487 1084 543 Moci-
1136 503 1197 545 csse
1210 488 1393 554 contendunt,
1410 489 1482 561 quod
1509 491 1578 548 idem
1602 493 1748 563 imperator
1761 493 1841 564 paulo
1855 501 1933 548 antea

315 596 417 650 orionus
432 589 574 647 Herculius
585 589 619 644 ad
633 603 692 643 runt
705 585 817 652 venerim
828 580 1084 652 eipucdespondcrit‚
1136 594 1197 635 ctum
1220 579 1260 637 eis
1274 579 1407 648 eripiente,
1423 596 1505 653 quam
1522 582 1686 639 praemium
1709 585 1841 641 vincera·
1870 582 1935 641 Um,

313 704 345 741 nc
359 686 486 742 corrnubio
500 682 620 756 junxerit
641 679 724 751 pliona
746 694 820 733 suom
841 671 1087 743 minorennium
1136 672 1187 739 sit,
1212 688 1292 729 uerno
1307 688 1373 730 sane
1388 672 1522 731 dubitabit
1546 674 1598 733 boc
1620 675 1721 732 bellum
1744 677 1779 733 ab
1802 676 1934 734 sspmgpp,

312 796 372 835 eum
386 794 502 834 reuersus
513 777 564 843 sit,
575 789 668 846 quosue
678 770 846 826 liliadoersus
856 768 977 823 tuturos
987 780 1088 836 pargna-
1135 762 1271 832 describi,
1291 765 1336 837 qtri
1351 766 1461 838 insuper
1483 781 1514 822 ea
1539 766 1639 824 ibidem
1662 767 1804 824 confirmat
1816 809 1825 835 ,
1839 784 1898 841 quae
1917 784 1934 825 a

313 881 383 936 turo,
397 869 525 938 parareris
537 865 662 931 insidior,
675 861 804 935 quomodo
817 861 858 915 bie
869 859 901 914 ob
912 858 958 914 iilo
969 856 1088 912 Morailio
1136 853 1237 912 Cecilio
1259 869 1352 913 unstrn
1374 868 1518 915 narrantur
1541 859 1576 916 de
1598 859 1751 918 admirabili
1773 860 1933 932 celeritate,

313 949 1031 1029 coptooeniomimpetrarit,otgueiiluntpoateoiniecto
1044 963 1087 1003 cc·
1137 962 1189 1018 qua
1201 947 1233 1003 ad
1254 947 1408 1004 llercnlinm
1429 948 1579 1019 revolavit,
1601 966 1633 1008 ac
1654 961 1733 1024 capta
1748 952 1880 1022 Massiua,
1895 955 1936 1011 pr.

315 1055 398 1109 cidem
419 1053 516 1123 frustra
529 1050 633 1105 niolitus
646 1044 1004 1122 [animumanimumum
1018 1042 1087 1098 Con·
1137 1045 1191 1093 mnu
1204 1039 1229 1094 ei
1244 1037 1356 1095 donarit
1369 1041 1495 1113 attidem,
1510 1043 1558 1098 sed
1572 1042 1694 1100 detracta
1709 1044 1784 1114 prius
1802 1055 1879 1102 reste
1893 1061 1936 1104 re·

314 1147 441 1202 staulinus
451 1145 483 1199 de
498 1142 631 1198 lllcccntio
644 1140 794 1207 uictoriam,
810 1139 863 1194 uiso
876 1135 988 1191 mirabili
1002 1136 1087 1190 mucis
1135 1131 1199 1203 gali.
1215 1131 1281 1201 Qum
1293 1133 1401 1205 quidem
1412 1149 1473 1191 cum
1484 1134 1539 1208 jam
1555 1152 1570 1190 a
1585 1137 1663 1193 nobis
1674 1137 1807 1209 explicata
1823 1137 1933 1207 luerint,

314 1236 409 1295 Gh'fl'ff
426 1237 515 1309 ΨΜ,
530 1233 710 1306 reportaverit.
1136 1240 1168 1283 ca
1190 1243 1261 1285 nunc
1273 1229 1420 1300 repetenda
1435 1245 1489 1287 non
1501 1240 1576 1288 sunt.
1591 1230 1684 1289 Palam
1695 1247 1804 1306 quoqne
1825 1234 1934 1292 lemma

313 1329 510 1387 Constantinus
533 1327 660 1397 Magnus,
683 1329 830 1393 suscepto,
857 1318 943 1391 inquit
969 1315 1086 1375 Cecilius
1136 1319 1273 1392 qruomodo
1294 1321 1446 1377 sceleratus
1466 1321 1513 1378 ille
1527 1322 1668 1380 Herculius
1689 1340 1744 1381 nou
1757 1325 1823 1382 inde
1841 1326 1935 1385 melior

278 1423 353 1495 (cop.
368 1419 441 1491 al),
456 1419 588 1489 imperio,
606 1435 616 1469 r
632 1415 700 1472 nibil
723 1413 777 1487 egit
793 1414 884 1485 prins,
900 1426 980 1484 quam
995 1409 1086 1466 chris·
1137 1411 1236 1479 iactus,
1250 1411 1313 1469 aliis
1325 1412 1432 1474 insidiis
1444 1429 1506 1471 cum
1523 1413 1621 1472 Fausta
1635 1415 1709 1483 illia,
1723 1428 1788 1475 tunc
1799 1417 1935 1476 Consum

279 1516 368 1570 tianos
383 1511 467 1567 cultui
491 1525 523 1565 uc
550 1510 605 1565 beo
627 1522 678 1564 suo
700 1506 825 1563 reddere.
840 1504 905 1561 ttae
933 1503 983 1560 luit
996 1501 1085 1575 prima
1137 1505 1184 1562 tini
1202 1518 1296 1574 uxore,
1312 1506 1533 1574 communicatis,
1552 1507 1686 1565 ilium‘cui
1701 1510 1784 1566 tantis
1796 1509 1935 1568 hetuedciis

278 1605 338 1675 eius
353 1603 458 1659 sanctio
470 1610 573 1658 sanctas
587 1599 728 1672 religionis
742 1598 877 1655 restituta.
896 1614 906 1649 r
923 1595 962 1650 lto
975 1608 1042 1651 saue
1056 1593 1084 1649 in
1136 1597 1270 1669 obligatus
1285 1607 1355 1666 erat,
1372 1599 1399 1654 in
1411 1599 1481 1656 lecto
1491 1615 1541 1656 suo
1554 1601 1680 1659 occidere
1695 1617 1841 1674 perperam
1853 1602 1934 1661 adop.

279 1697 373 1754 codice
386 1694 554 1759 Colbertiun,
567 1693 612 1749 ubi
626 1692 749 1750 nonnulli
764 1692 840 1763 plura
857 1689 941 1745 verba
954 1696 1083 1759 corrupta
1136 1703 1182 1743 sus
1195 1688 1286 1745 tuerit.
1301 1688 1367 1745 Nam
1384 1691 1417 1747 iis
1427 1691 1462 1750 ab
1474 1690 1571 1748 cadem
1586 1692 1684 1749 Fausta
1698 1692 1878 1751 Constantino
1889 1710 1935 1767 ps·

278 1805 341 1846 csse
354 1788 538 1859 suspicantur,
550 1801 638 1857 eaque
653 1785 828 1841 connituntur
851 1779 1014 1852 rorrjeeturis
1027 1780 1083 1837 suis
1098 1791 1122 1852 Β
1136 1781 1257 1851 telactis,
1273 1781 1417 1838 Herculius
1429 1793 1560 1841 extrenum
1583 1785 1703 1856 perunte
1727 1801 1823 1858 poenae
1844 1787 1934 1847 impie.

277 1880 435 1939 emendare.
450 1879 519 1948 Quid
533 1894 617 1945 uero,
632 1879 655 1934 si
670 1879 812 1949 ipsiusmet
823 1876 942 1930 auctoris
956 1887 1010 1928 nou
1025 1872 1082 1929 ele·
1134 1874 1221 1941 simo,
1236 1875 1274 1930 uti
1288 1873 1376 1931 adbuc
1390 1875 1525 1943 vidimus,
1541 1878 1637 1933 mortis
1650 1893 1752 1950 genere
1766 1881 1904 1950 persolvit.

276 1975 436 2050 gantissimc
449 1973 584 2045 loquentis
599 1971 681 2028 uerba
696 1971 778 2027 suut?
792 1968 889 2025 Nonus
902 1976 979 2023 antea
992 1976 1085 2023 osten·
1169 1966 1245 2023 'ittae
1266 1966 1365 2024 deinde
1388 1978 1479 2024 narrant
1500 1967 1618 2026 Cosilius
1640 1969 1799 2037 Galerium,
1827 1972 1933 2030 subiato

277 2069 345 2125 dere
357 2065 557 2123 debebantbaec
567 2063 769 2120 abeonouesse
779 2060 910 2132 prolecta,
919 2074 998 2129 quam
1008 2057 1083 2113 ineis
1132 2057 1271 2116 Caesarum
1285 2060 1405 2128 nominc,
1415 2059 1578 2117 Maxentium
1592 2061 1933 2137 etConstantinumappd.

277 2159 448 2232 corrigendis
472 2158 561 2213 oleum
595 2155 711 2212 sortasse
732 2163 760 2210 et
780 2167 891 2224 operam
916 2150 1083 2223 perduranti
1133 2150 1204 2206 lasse
1224 2149 1409 2223 Augustorum
1432 2151 1523 2218 lilios,
1543 2161 1624 2225 atquc
1647 2153 1728 2210 etiam
1744 2154 1933 2227 imperatores,

277 2253 412 2326 Quidquid
437 2254 487 2318 sit,
512 2251 555 2308 hic
577 2251 652 2307 illius
666 2248 774 2305 ridetur
788 2260 852 2304 esse
866 2259 964 2302 sensus
987 2262 994 2297 ι
1008 2241 1082 2300 Cou-
1133 2243 1186 2300 sm
1198 2242 1257 2300 hare
1269 2257 1376 2315 qttopnc
1387 2244 1451 2299 alibi
1462 2244 1687 2314 examinavimus,
1700 2247 1770 2302 sicut
1782 2256 1810 2303 ct
1823 2247 1850 2304 id
1863 2247 1934 2318 qood

276 2348 414 2404 staulinus
428 2346 541 2417 Magnus
552 2344 587 2399 ab
602 2344 661 2414 ipso
677 2341 783 2413 imperii
797 2341 839 2396 sni
853 2338 984 2411 principio
1000 2337 1082 2393 resti·
1133 2335 1180 2392 ille
1192 2349 1283 2408 postea
1296 2335 1406 2393 tradidit
1419 2336 1594 2393 Maximinum
1602 2336 1773 2395 Constantini
1788 2339 1888 2397 litteris
1898 2342 1935 2400 ab

277 2443 330 2498 tuit
343 2440 519 2498 christianam
536 2436 713 2508 religionem,
728 2448 760 2490 ac
774 2431 905 2504 legedata
920 2430 1083 2487 christianos
1133 2444 1184 2496 ea,
1198 2444 1277 2501 quam
1294 2430 1319 2484 in
1332 2429 1495 2486 christianos
1510 2431 1708 2499 curacitarerat,
1725 2447 1793 2489 nora
1809 2448 1936 2504 perseea·

277 2533 335 2589 reri
352 2531 400 2590 bei
413 2534 454 2586 sui
470 2529 553 2585 cultui
567 2527 696 2584 reddidit.
709 2525 766 2581 Nec
781 2525 898 2590 mirum,
912 2523 936 2579 si
955 2532 1018 2578 ωηο
1033 2536 1082 2592 pa·
1133 2523 1209 2580 tione
1234 2524 1404 2579 deterritum.
1430 2523 1550 2596 benique
1572 2539 1588 2580 a
1611 2525 1691 2583 nobis
1712 2534 1870 2585 enarratum
1894 2538 1937 2586 eat

278 2626 484 2684 tremimitatus
506 2617 996 2692 sitsuum,qniChristianis,sicut
1014 2615 1083 2671 uidi·
1132 2613 1268 2686 quomodo
1291 2614 1503 2683 Constantinus,
1530 2625 1672 2689 postquam
1708 2631 1833 2676 sororem
1857 2633 1935 2676 suan

276 2736 357 2786 mus,
382 2721 505 2790 impense
520 2716 723 2788 plurimumque
745 2711 866 2768 larebat.
883 2710 917 2766 Et
932 2709 958 2765 id
973 2709 1081 2780 attidem
1132 2707 1319 2765 Constantiam
1337 2710 1440 2765 Licinio
1461 2710 1672 2781 despondisset,
1688 2711 1875 2781 Maxentium,
1890 2704 1936 2785 qai

278 2811 484 2870 euidentissime
497 2805 678 2865 demonstrari
701 2812 795 2876 posset
806 2801 922 2873 quadam
949 2799 1082 2856 Lactantii
1133 2802 1234 2858 bellum
1249 2803 1299 2872 ipsi
1314 2803 1473 2870 induxerat,
1488 2819 1522 2860 eo
1535 2803 1609 2876 quod
1620 2803 1731 2876 ipsimet
1742 2804 1873 2863 diuinitus
1884 2821 1936 2880 ap-

278 2907 422 2971 aratione,
435 2901 562 2973 genuinis
576 2901 649 2955 illius
659 2897 796 2969 Operibus
808 2895 928 2956 inserta,
943 2906 995 2964 qua
1009 2890 1082 2947 Con·
1133 2901 1275 2966 paruerat,
1300 2895 1390 2951 erucis
1412 2893 1511 2952 Christi
1536 2906 1675 2967 preeunte
1697 2897 1775 2969 signo
1789 2898 1887 2955 vicerit
1903 2913 1938 2957 ac
2043 2889 2044 2906 ¹

278 2985 1082 3062 stantinohancobremgratulatur.Scduondumsutiscon·
1132 2985 1325 3057 profligaverit.
1349 2986 1520 3043 Manifestum
1545 2996 1636 3045 autern
1659 2988 1696 3046 ibi
1722 2988 1839 3046 lecimus
1862 2991 1935 3062 qood

277 3085 586 3162 stat,quemadrnodugn
597 3099 647 3141 suo
658 3084 719 3139 loco
729 3081 909 3149 ostendimus,
922 3091 1011 3137 utrum
1022 3078 1081 3137 ase
1132 3080 1265 3151 ottaletpue
1289 3080 1371 3137 luerit
1394 3081 1520 3138 mirabile
1535 3082 1602 3140 illud
1625 3083 1774 3140 Domipieae
1793 3083 1937 3141 emani.

280 3181 371 3236 oratio
393 3179 427 3233 ab
451 3179 569 3248 ipsomet
580 3174 721 3232 Lactantio
734 3174 835 3242 scripta
848 3186 973 3241 umquam
985 3170 1077 3226 luerit.
1092 3174 1115 3238 c
1131 3187 1231 3245 gnum,
1246 3187 1278 3228 ac
1290 3189 1369 3243 quam
1381 3189 1450 3230 trano
1463 3187 1491 3231 et
1506 3175 1583 3231 irrito
1595 3185 1695 3231 conatu
1708 3178 1878 3234 recentiores
1888 3178 1937 3234 hc·
2043 3213 2044 3250 3

315 3268 451 3339 Quidquid
463 3276 553 3322 autem
567 3266 601 3322 de
615 3265 661 3320 illa
675 3272 820 3328 statuatur,
835 3262 938 3318 Seuero
958 3261 1080 3331 Impera·
1132 3266 1255 3323 terodoxi
1277 3266 1395 3323 diuinam
1418 3267 1487 3324 banc
1500 3268 1671 3325 Constantini
1694 3268 1783 3342 Magni
1803 3271 1936 3329 risionettt

278 3372 357 3428 toro,
372 3359 598 3433 quemadmodum
614 3358 772 3414 adnotatum
786 3367 838 3419 est,
852 3370 905 3411 non
919 3355 1005 3411 multo
1019 3364 1082 3425 post
1132 3358 1290 3431 impugnare
1303 3359 1410 3415 connisi
1423 3358 1488 3415 sint.
1502 3359 1558 3416 Nec
1576 3361 1667 3417 minus
1680 3362 1827 3433 perspicue
1840 3373 1937 3420 osten·

279 3456 434 3521 exstincto,
449 3452 627 3508 Maximianus
649 3449 791 3507 Herculius
803 3448 831 3505 in
845 3448 945 3505 Gallias
957 3446 991 3503 ad
1006 3447 1080 3503 Con·
1132 3448 1222 3506 dimus
1236 3449 1364 3516 Tolliunr,
1376 3450 1422 3522 qui
1434 3466 1494 3507 cam
1506 3452 1532 3507 ia
1546 3452 1702 3509 militarium
1713 3462 1935 3526 stratagematon

279 3547 427 3604 stantinum
441 3544 530 3610 venit,
547 3559 627 3614 quem
641 3542 749 3615 quoidam
765 3550 794 3597 ut
814 3540 847 3595 ad
864 3555 928 3597 suas
949 3539 1081 3598 aduersus
1132 3558 1246 3600 numero
1261 3545 1413 3615 ponendam
1435 3559 1496 3601 esse
1518 3545 1634 3615 clltuiit,
1649 3561 1664 3602 a
1678 3546 1813 3618 Reatino,
1830 3549 1937 3606 tametsi

280 3640 418 3698 Galerium
444 3647 535 3709 partes
562 3635 731 3702 adduceret,
756 3634 805 3706 ipsi
830 3633 978 3698 Faustam,
1000 3635 1082 3691 sicuti
1131 3635 1252 3707 ciusdem
1265 3648 1348 3694 sectae
1361 3637 1435 3704 uiro,
1449 3653 1499 3709 pro
1514 3639 1613 3695 merito
1625 3639 1764 3712 castigari.

278 3735 360 3791 ctiam
374 3732 568 3804 exposuimus,
583 3731 664 3787 liliam
679 3745 756 3785 suam
770 3729 902 3785 urinarum
918 3728 1079 3801 despondit,
1167 3726 1268 3784 Verum
1282 3729 1443 3786 temerarius
1455 3729 1502 3786 ille
1516 3730 1634 3802 scriptor
1646 3731 1701 3788 alio
1714 3745 1811 3788 mrsus
1821 3731 1851 3789 iu
1864 3733 1936 3790 libro

281 3839 314 3881 ac
329 3833 422 3894 postea
437 3822 513 3879 dedit
537 3823 563 3878 in
588 3822 800 3879 unatrimonium.
826 3822 854 3877 lu
879 3822 974 3878 barum
989 3832 1080 3880 sumtu
1131 3833 1210 3875 suum
1233 3819 1260 3875 in
1285 3820 1510 3890 reprehensorem
1526 3820 1673 3879 inuehitur.
1697 3821 1757 3879 lion
1781 3824 1854 3880 enim
1875 3825 1935 3882 siaa

279 3919 435 3988 nuptiarum
459 3915 631 3971 solemnitate
653 3916 842 3985 pronuntiatus
855 3925 897 3971 est
919 3916 953 3973 ab
975 3916 1081 3974 incerto
1131 3911 1263 3979 arri,sed
1287 3912 1367 3984 plane
1382 3913 1572 3985 truenpesura
1594 3914 1722 3973 irrisione
1744 3916 1841 3988 objicit
1861 3917 1931 3975 uam

280 4019 391 4066 auctore
415 4006 611 4080 panegyricus,
634 4008 679 4079 qni
695 4008 766 4079 typis
779 4022 840 4063 cnm
863 4009 925 4063 aliis
944 4023 1080 4077 excusus,
1132 4020 1233 4076 paucos
1247 4020 1344 4078 reges,
1371 4016 1454 4079 atquc
1469 4008 1497 4062 in
1513 4008 1608 4080 primis
1629 4009 1775 4081 quemdam
1791 4012 1933 4070 Lusitania

279 4101 401 4158 omnium
417 4101 443 4155 in
458 4100 582 4155 manibus
596 4108 728 4155 uersatur.
1131 4096 1244 4169 Regem,
1255 4098 1456 4170 etantigonum
1470 4099 1616 4157 Alexandri
1630 4101 1717 4174 Magni
1729 4118 1933 4172 sucooesorear,

317 4195 383 4249 Post
396 4195 455 4249 hae
465 4192 641 4248 Maximianus
653 4190 794 4249 Merculius
805 4192 918 4249 Romam
932 4193 1080 4266 protectus,
1131 4193 1212 4248 simili
1227 4208 1290 4250 usos
1305 4209 1367 4250 esse
1381 4202 1586 4268 stratagemate.
1602 4195 1709 4252 Primm
1723 4197 1865 4255 enimvero
1888 4213 1935 4255 ea-

279 4287 317 4345 ibi
332 4287 496 4344 Maxentium
513 4287 596 4342 lilium
612 4301 690 4342 suttm
701 4286 827 4358 imperio,
843 4287 912 4343 sicut
924 4287 1012 4344 adhoc
1023 4289 1083 4344 ani·
1131 4282 1194 4340 dem
1206 4299 1219 4336 a
1231 4298 1270 4352 se,
1281 4297 1361 4355 atquc
1370 4301 1385 4340 a
1395 4284 1575 4341 Constantino
1587 4286 1684 4359 Magno
1694 4298 1840 4360 conspecta
1852 4289 1935 4347 inissa

279 4379 489 4447 madrertimus,
513 4379 630 4450 spoliare
654 4393 796 4451 perperam
827 4380 979 4435 attentarit.
1012 4377 1081 4437 Cum
1130 4375 1278 4448 jactitabat.
1293 4377 1444 4451 Antigonus
1456 4395 1522 4436 reno
1536 4380 1613 4436 unxit
1634 4395 1665 4437 sc
1687 4381 1790 4439 uidisse
1802 4393 1935 4457 petrugo-

279 4473 344 4528 inde
366 4487 431 4529 uero
454 4473 490 4528 ob
512 4471 728 4543 indignissimum
752 4469 818 4526 illud
850 4471 1082 4527 lacinusexactus
1132 4467 1300 4539 uuna,quod
1315 4468 1410 4525 salutis
1423 4471 1512 4542 imago
1525 4483 1594 4539 erat,
1609 4472 1635 4527 in
1649 4487 1704 4544 quo
1721 4474 1937 4545 scriptumque·

279 4566 395 4631 luisset,
411 4564 538 4620 rediitad
553 4562 779 4632 Constantinum,
794 4565 840 4634 oui
856 4566 882 4620 in
904 4564 1000 4622 Galliis
1015 4574 1079 4620 tunc
1092 4561 1120 4622 Ι)
1132 4576 1184 4633 ouo
1196 4561 1247 4619 luit
1263 4582 1270 4619 ;
1286 4563 1319 4617 ln
1334 4565 1383 4619 boc
1393 4565 1466 4637 rigna
1478 4566 1572 4621 uinea.
1588 4564 1678 4638 Atque
1693 4567 1729 4624 ita
1744 4567 1856 4639 quidem
1868 4568 1936 4626 Tol-

280 4658 509 4714 commorabatur.
533 4656 590 4724 Quia
613 4667 703 4713 autern
727 4655 840 4727 pertidia
860 4657 960 4726 illium,
984 4657 1080 4714 eadem
1131 4654 1183 4731 lius
1198 4669 1251 4711 non
1266 4641 1346 4712 modo
1366 4655 1498 4714 aduersus
1512 4668 1688 4729 conspectum
1702 4660 1846 4716 abeodem
1861 4659 1935 4717 Goa-

280 4763 410 4820 gencrnm
426 4761 503 4802 sunm
519 4746 645 4817 decipere
667 4746 776 4802 molitus
789 4756 841 4802 est.
855 4745 891 4803 lit
913 4763 974 4802 eum
988 4756 1080 4804 autem
1133 4747 1252 4804 stautino
1265 4748 1370 4820 signnm
1384 4751 1486 4817 erucis,
1495 4750 1544 4806 scd
1558 4766 1654 4822 preces
1668 4750 1751 4808 etiam
1765 4751 1871 4808 Licinio
1882 4751 1935 4808 im·

280 4841 388 4897 facilius
399 4837 619 4904 circumveniret,
633 4837 734 4909 regiam
745 4837 867 4907 deposuit
881 4848 995 4895 restem.
1006 4837 1080 4895 Cou·
1132 4844 1269 4912 peratori,
1285 4843 1321 4898 uti
1337 4858 1417 4916 supra
1433 4843 1565 4912 uidimus,
1586 4845 1621 4901 ab
1635 4845 1741 4917 angelo
1762 4846 1876 4903 dictatas
1887 4860 1934 4902 ar·

279 4934 399 4990 stantino
413 4934 519 5001 itmpre,
534 4931 568 4987 dc
581 4932 689 4987 sincero
702 4930 761 5002 ejus
775 4931 867 4987 animo
888 4945 942 4987 non
964 4932 1080 5002 amplius
1132 4943 1313 5004 gumentatur.
1338 4934 1424 4992 Porro
1446 4947 1537 4993 autem
1561 4937 1585 4993 is
1609 4940 1667 5009 ipsc
1688 4937 1933 4998 Tolliusaodactar

281 5023 431 5091 dubitanti,
454 5022 599 5093 persuadet
623 5021 743 5078 Francos
767 5021 859 5093 paucis
873 5036 934 5078 com
950 5022 1080 5080 militibus
1133 5026 1274 5095 venditat,
1302 5043 1333 5083 sc
1358 5027 1438 5099 longe
1460 5029 1574 5095 certius,
1596 5031 1823 5103 accuratiusque,
1849 5044 1929 5105 quun

279 5117 314 5173 ab
328 5132 362 5173 eo
376 5131 456 5186 posse
477 5116 617 5173 debellari.
632 5114 686 5172 Sed
710 5114 755 5172 ubi
770 5117 886 5187 primum
912 5116 958 5171 ille
983 5115 1079 5173 horum
1132 5117 1282 5185 baudrius,
1296 5120 1331 5177 de
1344 5121 1425 5178 rebus
1438 5121 1579 5179 historicis
1593 5122 1665 5180 ierre
1677 5122 1821 5195 judicium.

281 5208 458 5264 barbarorum
482 5207 551 5265 lines
566 5207 734 5275 minoribus,
750 5222 830 5279 ortam
845 5215 980 5278 parerat,
993 5208 1080 5278 copiis
1166 5210 1219 5267 Sed
1240 5212 1301 5283 orris
1324 5227 1378 5269 non
1393 5212 1508 5270 miretur
1521 5225 1576 5270 tam
1589 5215 1733 5272 absurdam
1747 5216 1930 5288 insultaturus

279 5301 418 5372 ingressus
432 5310 521 5364 esset,
544 5309 609 5356 tunc
634 5300 790 5365 llcrculius,
814 5299 853 5356 uti
874 5299 1011 5368 diximus,
1035 5316 1079 5356 re·
1132 5303 1194 5357 novi
1215 5301 1295 5373 lustjus
1316 5305 1402 5362 critici
1417 5307 1648 5364 scientiamsuam
1661 5308 1753 5381 inepte
1767 5306 1929 5368 reputantis

279 5407 386 5465 sumpta
403 5410 531 5467 purpura,
543 5395 653 5449 relictos
668 5395 767 5450 milites
781 5392 886 5463 direpta
899 5409 931 5450 ex
945 5390 1079 5449 Constan-
1130 5396 1411 5467 argumentationem?
1435 5397 1533 5466 Fictae,
1558 5401 1660 5474 inquit,
1684 5411 1713 5458 et
1726 5401 1800 5458 laisa
1823 5402 1926 5458 roomo

279 5490 327 5546 tini
344 5489 480 5545 thesauris
494 5488 607 5557 pecnnia
630 5487 768 5557 corrupit,
784 5485 905 5558 legitque
919 5484 1076 5541 Massiliam.
1131 5489 1203 5559 regis
1216 5489 1372 5558 Lusitania,
1387 5500 1414 5548 et
1429 5492 1556 5565 Αηιίςοηὶ
1570 5494 1698 5564 visiones,
1715 5511 1843 5568 menone
1853 5492 1921 5549 mili·

314 5581 467 5653 opinantur
480 5577 601 5632 nonnulli
615 5578 666 5633 boc
681 5577 793 5646 bellum,
808 5577 878 5650 quod
901 5577 998 5634 Franci
1014 5593 1076 5634 οηω
1128 5583 1195 5638 turia
1207 5592 1414 5656 stratagemate,
1429 5601 1495 5657 ergo
1507 5598 1535 5644 et
1547 5586 1719 5646 Constantini
1741 5589 1826 5661 Magni
1843 5597 1918 5659 ηωι

277 5670 456 5726 Constantina
469 5669 615 5739 gerebant,
632 5682 686 5723 non
700 5668 772 5724 aliud
785 5683 858 5734 esse,
870 5669 923 5725 nisi
938 5669 1014 5737 illud,
1026 5685 1075 5726 cu·
1127 5672 1233 5732 Licinii.
1244 5677 1310 5746 Quis
1324 5692 1449 5750 umpuram
1460 5679 1519 5736 sani
1534 5680 1631 5750 capitis
1643 5680 1727 5738 bomo
1737 5682 1773 5738 ita
1784 5693 1916 5754 argum

274 5762 318 5835 jus
338 5761 471 5818 Eusebius
486 5760 585 5818 alicubi
602 5762 725 5819 meminit
737 5760 747 5832 (
758 5761 864 5832 durch,
880 5763 925 5819 lib.
941 5779 950 5821 t
967 5764 999 5819 de
1017 5763 1075 5820 i'ito
1126 5774 1196 5823 uatus
1219 5778 1260 5824 cst
1285 5786 1291 5823 τ
1319 5770 1463 5828 Enimuero
1485 5771 1507 5827 si
1523 5773 1559 5827 ita
1575 5774 1731 5832 ratiocinari
1752 5776 1841 5840 liceat,
1860 5769 1914 5848 pari
