4142 6184
180 245 237 303 983

542 241 696 303 trissant.
713 244 745 303 ΙΝ
766 244 829 302 titt.
852 241 1091 306 obruentibus
1109 245 1302 305 PERSECUT.
1322 246 1397 305 cae.
1418 245 1487 306 xiil.

1777 245 1830 303 986

221 357 320 432 partiat
334 356 444 431 lugent,
461 372 492 411 aa
509 356 601 413 deinde
623 365 728 414 conatur
742 358 818 430 [uerit
834 373 888 413 sere
903 356 980 413 Tarsi
993 363 1017 425 Α
1032 364 1089 414 tum
1103 360 1126 413 ia
1140 359 1273 436 ιἰλυριιῖς,
1287 358 1315 414 in
1328 357 1454 430 illyricis,
1467 372 1499 414 ac
1510 358 1596 430 primo
1611 358 1718 429 quidem
1732 359 1832 415 iractos

217 453 246 508 in
259 450 351 509 Cilicia
364 449 502 520 defendere
515 467 547 506 oe
564 452 638 507 tueri.

220 634 318 691 Pacem
329 647 391 688 etam
405 631 511 689 Licinia
524 633 682 690 Maximinus
694 649 744 701 eo,
762 650 840 706 artem
857 636 980 706 superius

183 724 378 797 exposuimus,
394 724 475 780 modo
495 723 606 781 iecerat.
620 724 719 781 Verum
738 727 781 782 atlti
794 728 919 798 cognorit
939 740 983 780 so·

181 835 273 876 rorem
285 817 468 886 Constantini,
479 820 520 874 eui
532 819 588 889 jam
602 819 700 876 bellum
713 819 858 887 indixerat,
877 822 915 876 ilii
935 821 984 877 de·

181 921 338 983 sponsatam
364 910 458 977 luisse,
474 910 631 968 allinitatem
653 912 722 969 bane
741 923 894 984 suspectam
917 912 980 970 iude

182 1005 269 1076 magis
282 1003 392 1071 babuit,
408 1002 481 1075 quod
498 1003 614 1072 Galerii,
632 1006 668 1060 uti
686 1004 759 1076 prius
772 1005 909 1072 diximus,
930 1006 983 1061 im·

181 1097 450 1170 pulsabioeietianus
459 1097 584 1154 eumdem
591 1098 736 1163 Licinium,
750 1099 810 1168 ipso
821 1099 981 1171 postposito,

181 1201 321 1249 creaverat
334 1191 536 1263 imperatorem.
558 1192 739 1260 Quamobrem
754 1193 842 1250 ioedus
859 1193 981 1262 occulte,

181 1288 412 1358 quemadmodum
427 1294 506 1342 antea
522 1301 630 1358 quoque
643 1287 815 1344 obseruatum
828 1295 888 1354 est,
905 1288 981 1358 popi-

181 1378 222 1450 git
244 1392 305 1433 cum
326 1376 462 1433 liaxentio
486 1377 514 1433 in
531 1379 677 1446 omuibus,
701 1379 771 1433 sicut
783 1380 820 1432 ait
835 1377 981 1445 Eusebius,

182 1469 235 1541 ipsi
256 1468 405 1526 simillimo.
437 1468 503 1525 Cum
522 1477 611 1526 aarum
632 1480 724 1539 postca
747 1471 899 1527 rescivisset
919 1485 981 1526 curm

182 1563 284 1619 rictum
305 1561 389 1620 luisse
401 1577 415 1617 a
429 1561 624 1631 Constantino,
648 1563 764 1636 huicque
779 1564 873 1620 uictori
889 1563 981 1619 datum

183 1670 200 1712 a
215 1665 311 1713 senatu
323 1656 402 1727 primi
416 1657 587 1728 imperaretis
602 1658 721 1724 titulum,
733 1666 806 1713 tantu
821 1657 921 1712 exarsit
933 1655 983 1712 do-

1033 460 1229 522 superatosque
1246 451 1404 522 apparuisse
1424 450 1520 507 Licinii
1540 451 1640 507 milites
1652 466 1660 518 ;
1674 449 1722 506 sed
1738 448 1832 505 redin-

1034 551 1137 616 tegrata
1161 545 1371 614 pagoariorum
1395 541 1567 615 iugatamque
1582 542 1765 598 Maximinum.
1778 541 1834 597 Eu·

1033 638 1124 693 sebius
1148 644 1237 692 autem
1261 636 1354 692 scribit
1373 636 1429 708 (tio.
1455 652 1482 691 tx
1510 635 1579 690 illst.
1605 635 1687 703 ecci,
1706 651 1764 705 cup.
1784 633 1830 702 tu,

1034 741 1058 786 et
1079 731 1123 786 lii.
1139 747 1167 788 ru
1191 731 1223 786 rie
1245 730 1297 785 uita
1322 730 1468 799 Constant,
1489 747 1547 803 cap.
1571 727 1617 802 58)
1642 744 1704 784 eum
1732 727 1833 783 demo·

1034 838 1098 877 num
1121 823 1221 880 auxilio
1249 823 1419 893 militumque
1443 837 1553 877 satoriam
1574 820 1748 877 multitudiue
1768 835 1834 875 eon·

1034 915 1185 983 fidentem,
1213 915 1239 971 in
1266 925 1404 971 certamen
1424 912 1609 971 descendisse.
1629 911 1683 969 Sed
1699 912 1760 983 qnia
1786 910 1833 966 ilci

1034 1025 1086 1080 ope
1101 1023 1132 1065 ac
1160 1008 1281 1064 subsidio
1306 1006 1384 1078 plane
1403 1005 1548 1061 destitutus
1562 1013 1630 1072 erat,
1656 1003 1741 1058 lusam
1757 1002 1831 1059 deie-

1035 1110 1144 1172 tumque
1157 1099 1241 1156 iuisse
1261 1099 1389 1169 majorem
1403 1099 1539 1155 exereitus
1551 1096 1611 1167 eius
1625 1105 1729 1168 purtem
1742 1138 1749 1161 ,
1763 1095 1833 1152 alte·

1034 1209 1092 1251 ram
1116 1208 1182 1249 uero
1204 1207 1235 1249 se
1250 1191 1283 1247 ad
1304 1196 1434 1248 rictorem
1455 1191 1614 1247 contulisse.
1640 1189 1728 1246 Saluti
1752 1188 1833 1259 igitur

1035 1304 1093 1346 suae
1106 1288 1250 1344 consulere
1265 1295 1373 1343 coaetus
1383 1285 1561 1351 Maximinus,
1582 1283 1696 1352 sumpsit
1708 1281 1833 1337 seruilem

1034 1380 1173 1446 habitum,
1189 1393 1231 1445 ac,
1245 1395 1294 1452 per
1307 1394 1388 1450 agros
1400 1388 1427 1433 ct
1437 1377 1510 1433 rieos
1524 1389 1585 1432 sese
1598 1370 1769 1439 occultando,
1786 1371 1831 1427 tit

1035 1475 1143 1531 taudem
1157 1488 1190 1529 ert
1204 1471 1330 1528 manibus
1346 1471 1462 1525 itastiurn
1477 1468 1580 1541 effingit.

1073 1564 1154 1621 l'itles
1177 1565 1266 1635 itaque
1284 1563 1421 1618 zozimum
1437 1562 1463 1617 in
1479 1562 1529 1617 lroe
1543 1560 1578 1615 ab
1598 1557 1716 1614 Eusebio
1729 1565 1757 1613 ct
1772 1570 1836 1612 auc·

1035 1670 1093 1717 tore
1106 1671 1199 1717 nostro
1212 1660 1377 1730 discrepare,
1390 1656 1460 1727 quod
1473 1654 1612 1711 tradiderit
1628 1652 1759 1709 Licinium
1776 1652 1834 1722 pri·

182 1748 252 1816 lore,
281 1757 310 1804 ut
335 1748 490 1805 inimicitias
516 1748 605 1819 palam
639 1748 820 1819 probrorum.
853 1749 889 1804 Et
907 1757 1080 1822 ecrtessmo
1092 1754 1217 1811 euniiietu
1231 1755 1317 1809 nisum
1335 1751 1448 1807 luissea
1468 1749 1613 1805 ilanimiuo
1629 1747 1761 1818 superari,
1786 1744 1834 1800 alii

184 1838 257 1896 idem
271 1839 403 1896 Eusebius
417 1840 555 1896 memoriae
573 1839 690 1911 prodidit
704 1841 779 1897 ilium
796 1849 859 1897 trane
876 1840 980 1913 publica

184 1936 292 2008 negotia
309 1934 434 1992 indecore
448 1942 627 2001 tractantem,
646 1943 727 2005 atque
740 1934 869 2006 singulari
892 1935 919 1989 in
933 1935 983 1988 im-

183 2027 256 2101 perii
269 2040 410 2084 consortes
433 2027 576 2084 insolentia
597 2025 729 2092 inliatum,
752 2026 802 2081 sibi
816 2027 843 2082 in
858 2025 941 2082 titulis
955 2035 982 2081 et

185 2119 335 2178 bonoribus
358 2119 510 2177 vindicasse
528 2119 645 2192 primum
666 2120 736 2175 inter
751 2133 798 2175 cos
819 2118 928 2186 loetum,
951 2130 984 2172 ae

184 2212 286 2269 deinde
297 2211 486 2284 desperatione
501 2213 691 2279 insanientem,
706 2212 787 2268 ictum
802 2227 861 2267 cum
878 2209 983 2267 Licinio

185 2304 276 2363 tedas
287 2306 412 2368 uiolasse.
425 2316 553 2379 suscepto
567 2306 638 2363 bello
654 2307 733 2378 plane
744 2306 917 2377 implacabili.

222 2396 275 2455 Ubi
291 2397 379 2470 itaque
398 2399 498 2454 certior
519 2397 606 2454 iaettts
626 2406 668 2453 est
688 2397 795 2467 nuptias
811 2395 906 2450 Licinii
922 2409 982 2451 cum

186 2487 355 2546 Constantini
376 2490 465 2563 biagni
482 2504 576 2546 sorore
586 2488 717 2546 celebrari
729 2532 737 2558 ,
751 2504 783 2543 ac
795 2499 937 2558 nitrumque
951 2487 984 2542 iis

186 2583 362 2641 eonlieiendis
388 2598 449 2641 essa
477 2592 653 2654 oecrrpatum,
680 2591 736 2638 tum
756 2581 810 2637 cito
834 2581 983 2637 exereitum

185 2677 273 2733 morit
293 2692 308 2732 e
328 2675 427 2749 Syria,
444 2676 632 2747 iestirratisque
651 2674 812 2740 itineribus,
825 2672 941 2742 primum
956 2671 983 2726 iu

186 2767 351 2840 Bithyniam,
362 2782 394 2823 ae
407 2767 520 2839 trajecto
529 2766 627 2823 deliine
641 2763 861 2828 iretoThracieo,
874 2762 908 2818 od
922 2776 985 2833 por·

186 2870 229 2917 tas
243 2861 352 2918 bizantii
365 2862 448 2918 uenit.
461 2859 560 2916 ilerum
572 2860 744 2915 saevientibus
757 2857 863 2931 hyemis
874 2858 982 2928 irigore,

185 2954 307 3022 uiribus,
322 2962 349 3011 et
363 2954 506 3022 imbribus,
521 2952 660 3010 exereitus
674 2951 733 3024 ejus
748 2952 893 3024 plurimum
908 2949 985 3006 debi-

185 3047 280 3104 litatus
293 3056 343 3105 cst.
357 3047 452 3104 Licinii
463 3058 552 3105 autem
568 3047 668 3104 milites
678 3047 819 3119 promissis
834 3055 915 3117 atque
925 3060 984 3100 mu·

1035 1865 1100 1905 reru
1113 1862 1199 1904 casos
1213 1846 1321 1916 impune
1335 1846 1414 1915 liujus
1428 1844 1538 1908 milites,
1548 1843 1593 1914 qui
1607 1841 1652 1897 ris
1669 1855 1730 1897 sese
1742 1837 1837 1894 delen-

1034 1940 1099 1996 dere
1109 1939 1166 1995 ausi
1176 1937 1290 1993 luerunt.
1298 1937 1490 1993 Verumtamen
1501 1935 1627 1990 zozimus
1638 1948 1691 1989 nan
1703 1931 1729 1987 id
1740 1945 1835 2002 reapse

1034 2032 1133 2087 laetum
1163 2038 1319 2097 asseverat,
1343 2027 1391 2084 sed
1418 2028 1559 2083 dumtaxat
1580 2025 1666 2080 risum
1691 2037 1753 2080 esse
1780 2023 1835 2079 ior-

1036 2134 1108 2180 tasse
1129 2122 1265 2194 aliquibus
1281 2131 1383 2177 tantum
1403 2120 1470 2177 ialso
1484 2134 1593 2176 rumore
1605 2117 1735 2188 deeeptls.
1757 2115 1835 2186 Quod

1034 2227 1125 2274 autem
1138 2217 1235 2288 adjecit
1250 2216 1371 2289 praelium
1393 2213 1458 2271 illud
1477 2212 1651 2270 curumissum
1663 2225 1724 2267 csse
1736 2210 1764 2266 iu
1774 2210 1837 2282 llly-

1035 2312 1117 2377 rieis,
1132 2326 1148 2365 a
1162 2311 1260 2381 quibus
1273 2324 1383 2379 campus
1400 2308 1519 2364 Serenus
1537 2305 1639 2362 distare
1657 2304 1784 2370 ridetur,
1806 2303 1835 2360 iu

1036 2405 1088 2460 boc
1103 2403 1212 2476 quidam
1228 2403 1305 2459 illum
1320 2403 1422 2459 erroris
1436 2411 1574 2459 accusant.
1591 2399 1645 2457 Sed
1665 2399 1692 2454 bi
1713 2399 1836 2455 lortassis

1034 2495 1155 2549 animum
1171 2511 1223 2550 noa
1237 2495 1303 2549 satis
1317 2494 1490 2550 adverterunt
1513 2493 1601 2548 rarius
1620 2490 1751 2562 assignari
1769 2490 1834 2563 llly-

1035 2587 1085 2644 riei
1109 2587 1225 2652 iimites;
1240 2585 1274 2642 ale
1294 2586 1392 2656 quibus
1418 2585 1578 2641 Strabonem
1599 2592 1626 2639 et
1642 2581 1794 2653 Appianum
1819 2596 1835 2638 a

1035 2680 1114 2737 nobis
1141 2680 1197 2750 jam
1219 2677 1315 2733 citatos
1340 2677 1414 2733 aalire
1436 2678 1547 2748 poteris.
1577 2673 1709 2747 (strab,
1729 2673 1775 2729 tta.
1799 2688 1836 2729 ιιι

1037 2769 1196 2844 διιιναριι.,
1211 2772 1324 2842 Appian.
1341 2771 1373 2825 de
1392 2768 1447 2824 liet.
1461 2769 1580 2841 illyria.)

1073 2864 1158 2920 Porro
1171 2874 1260 2921 autem
1277 2864 1437 2920 blasiminus
1456 2864 1516 2935 iuga
1535 2862 1661 2932 elapsus,
1679 2877 1731 2915 nna
1745 2870 1834 2929 tracte,

1036 2961 1074 3016 ait
1095 2957 1212 3016 Ceciilus
1230 2960 1301 3031 (cap.
1316 2957 1380 3032 li),
1402 2968 1425 3013 et
1448 2976 1498 3013 uua
1520 2959 1561 3013 dle
1584 2957 1761 3012 Nicomediam
1782 2957 1836 3011 aliu

1036 3061 1125 3122 uncte,
1140 3053 1167 3109 id
1182 3061 1239 3121 est,
1259 3052 1327 3109 intra
1340 3063 1454 3125 quatuor
1473 3053 1580 3109 circiter
1600 3061 1626 3108 et
1644 3051 1736 3122 viginti
1751 3049 1832 3106 bora-

186 3143 299 3199 ilel'iltlts
319 3157 492 3214 corrumpere
512 3142 610 3198 ittlsil'u
630 3143 751 3198 tentarit.
774 3140 829 3197 Sed
850 3140 877 3197 hl
894 3149 984 3195 iumen
999 3153 1022 3218 C
1037 3162 1097 3203 rum
1120 3148 1235 3215 spatium
1257 3147 1387 3218 pervenit,
1403 3163 1460 3201 curn
1486 3147 1556 3201 iocus
1576 3145 1683 3216 proelio,
1703 3145 1755 3201 hoc
1774 3152 1834 3213 esi,

185 3236 288 3293 auxilio
301 3236 435 3305 destituti,
449 3251 481 3292 ae
495 3236 630 3308 paucitate
642 3250 690 3292 sua
704 3233 796 3298 tliillsi,
812 3235 982 3306 byzantum,

185 3341 249 3403 post
267 3330 391 3387 undecim
414 3330 562 3386 obsidionis
583 3329 659 3397 dies,
684 3330 708 3384 ei
729 3327 899 3384 dediderunt.
915 3326 984 3398 Tum

185 3423 286 3480 debinc
299 3423 473 3490 lleraeleam,
496 3437 557 3495 que
572 3425 687 3494 primum
703 3420 850 3478 Perintbus
871 3421 985 3477 uocaba-

186 3528 250 3586 tur,
271 3517 373 3589 redegit
395 3518 421 3573 in
444 3518 575 3590 ditionem
597 3533 683 3573 suam.
698 3516 759 3573 lam
782 3531 848 3572 uero
870 3515 934 3572 iude
948 3515 983 3572 ad

184 3613 359 3680 modenana,
375 3612 412 3667 ait
423 3610 557 3681 Cecilius,
573 3612 655 3667 odilia
668 3613 788 3666 decentet
805 3619 861 3666 ecio
876 3624 985 3681 proces·

184 3713 271 3772 serat,
284 3719 345 3759 carm
358 3703 476 3760 Licinius
491 3703 707 3775 adrianopolim,
723 3712 750 3759 et
763 3703 826 3759 iude
838 3702 873 3758 ad
886 3718 985 3759 secun-

184 3797 248 3853 dam
265 3798 432 3854 mansionem
447 3840 455 3864 ,
477 3797 588 3853 totidem
602 3799 636 3853 ab
654 3797 782 3853 lleruelea
797 3797 917 3853 millibus
929 3796 985 3852 dis·

185 3900 306 3959 tantem,
330 3892 378 3947 itit
391 3893 429 3948 illi
445 3891 562 3948 obuiam.
578 3892 644 3960 Quia
666 3907 730 3947 rero
744 3892 907 3947 Maximinus
922 3906 983 3962 sep-

187 3985 306 4054 tuaginta
318 3984 431 4040 militiam
443 3984 537 4049 millia,
552 3985 648 4055 etipse
660 3983 767 4053 triginta
780 3991 886 4038 tantum
901 3984 984 4039 millia

185 4074 319 4143 babebat,
337 4092 397 4133 enm
417 4078 505 4148 potius
515 4078 614 4133 morari
627 4119 635 4144 ,
649 4092 728 4149 qnam
742 4076 872 4132 dimicare
886 4075 983 4132 deere-

184 4182 273 4227 rerat.
287 4169 322 4227 tt
337 4171 474 4243 propiores
485 4170 535 4225 sibi
550 4169 780 4233 erantexereitus,
797 4183 846 4224 ιιιι
860 4167 983 4239 praelium

184 4264 288 4322 ideireo
302 4265 388 4335 putarit
399 4262 513 4334 amplius
528 4262 563 4317 ab
573 4270 688 4333 utroque
700 4260 842 4317 declinari.
857 4261 982 4315 Maximi·

184 4370 238 4413 nus
251 4355 331 4422 igitur
345 4363 409 4411 tuuc
420 4366 511 4410 uotum
526 4353 585 4409 lori
600 4352 673 4408 uouit
697 4363 737 4417 ιιι,
752 4353 775 4407 si
792 4352 927 4407 uictoriam
939 4368 983 4407 ee·

183 4451 263 4523 piaret
278 4449 341 4523 (bae
358 4449 505 4521 impropria
519 4448 655 4504 locutione
675 4448 758 4502 utitur
774 4446 913 4516 Ceeilius),
930 4454 984 4501 sta-

1035 3258 1147 3315 campus
1163 3243 1291 3309 Serenus,
1306 3242 1402 3297 abesset
1416 3241 1497 3296 odilia
1509 3251 1609 3296 carrium
1619 3240 1763 3311 sexaginta,
1776 3239 1834 3294 sire

1036 3346 1091 3393 tres
1104 3346 1133 3392 ut
1147 3336 1237 3393 minus
1249 3350 1330 3406 supra
1344 3334 1536 3406 quinquaginta
1553 3334 1658 3398 leucas,
1674 3334 1696 3387 si
1712 3333 1761 3387 uia
1775 3331 1835 3386 mil-

1035 3428 1071 3485 iia
1103 3444 1183 3484 unam
1204 3429 1308 3484 leucam
1331 3429 1484 3483 eorrbeiaut.
1510 3428 1538 3483 Si
1559 3427 1718 3498 geographis
1745 3434 1834 3481 ιιιιιιι

1034 3523 1196 3590 credamus,
1211 3523 1277 3580 iilud
1288 3524 1339 3580 iter
1352 3523 1440 3578 adltue
1458 3522 1562 3593 longius
1576 3530 1626 3577 cst.
1646 3521 1681 3576 ιιι
1704 3528 1779 3575 certo
1792 3533 1836 3576 as-

1034 3619 1090 3675 seri
1104 3618 1195 3688 nequit
1214 3634 1274 3689 que
1291 3617 1370 3673 luerit
1391 3615 1484 3671 cecilii
1503 3617 1591 3671 leneas
1610 3626 1636 3670 et
1653 3612 1736 3668 millia
1755 3627 1834 3668 com-

1034 3709 1145 3781 putandi
1159 3710 1239 3776 ratio,
1255 3710 1296 3764 uel
1313 3719 1401 3762 utrram
1416 3707 1541 3763 librat-ius
1555 3706 1581 3760 in
1598 3705 1728 3772 numeris,
1740 3713 1835 3760 tamet-

1036 3802 1060 3858 si
1075 3801 1197 3873 integris,
1211 3799 1398 3855 describendis
1412 3812 1464 3854 oon
1479 3797 1620 3854 errauerit.
1638 3797 1700 3853 Utut
1714 3797 1759 3863 ait,
1784 3795 1835 3852 Ce-

1035 3896 1113 3952 eilius
1132 3895 1210 3967 plane
1231 3893 1365 3964 signiticat
1381 3906 1513 3947 surtrnram
1535 3890 1617 3946 luisse
1638 3889 1774 3945 Maarinriui
1795 3888 1837 3945 iu-

1037 3988 1137 4058 gientis
1156 3985 1372 4049 festinationem,
1393 4000 1425 4039 ac
1445 3984 1629 4056 longissimum
1645 3981 1765 4053 proiecto
1785 3980 1837 4036 iter

1034 4080 1138 4137 abillo
1162 4079 1252 4151 paucis
1279 4081 1352 4135 boris
1379 4087 1525 4149 peractum.
1549 4075 1643 4146 Neque
1670 4083 1712 4131 est
1744 4082 1833 4129 umen

1035 4173 1106 4245 quod
1123 4173 1147 4227 id
1164 4187 1274 4241 prorsus
1289 4171 1411 4237 mireris;
1437 4186 1498 4225 nam
1514 4171 1603 4235 tintor,
1621 4175 1648 4223 ut
1662 4166 1758 4236 aiunt,
1776 4167 1833 4224 alas

1036 4265 1310 4336 iugieutiaddiderat.
1449 4246 1461 4256 ”

1070 4356 1234 4414 Nicomediae
1247 4371 1312 4412 aero
1324 4356 1371 4413 iile
1384 4369 1506 4422 atrorem,
1526 4354 1613 4421 filios,
1629 4368 1784 4425 paucosque
1796 4367 1830 4408 ex

1035 4449 1134 4522 palatio
1147 4449 1260 4504 comites
1272 4450 1369 4518 raptim
1386 4461 1476 4503 secum
1491 4447 1576 4514 duxit,
1592 4457 1672 4518 atque
1686 4448 1711 4501 in
1726 4444 1832 4518 Cappa-

185 4543 235 4599 tim
254 4543 422 4613 extingueret
443 4539 657 4597 Christianorum
673 4553 783 4594 nomen.
802 4535 901 4592 Contra
917 4549 983 4591 uero
997 4536 1022 4596 D
1035 4540 1113 4596 doeio
1128 4540 1249 4595 eoileetis
1262 4538 1406 4604 militibus,
1424 4538 1567 4608 resumpsit
1588 4537 1758 4609 imperaturis
1771 4551 1834 4593 res·

184 4635 320 4702 Licinius,
337 4645 365 4690 ut
380 4634 491 4690 inierius
511 4631 626 4699 dieetur,
642 4647 736 4688 rerum
756 4632 839 4687 ileum
857 4629 983 4702 precibus

183 4729 236 4786 sibi
251 4730 285 4784 ab
295 4727 393 4800 attgeio
405 4726 514 4783 dictatis
527 4726 647 4782 invocari
658 4725 749 4794 iussit.

220 4821 311 4879 Pridie
325 4831 414 4878 autem
430 4819 557 4876 kalendas
572 4818 634 4875 blaii
648 4816 808 4875 biariminus
824 4824 910 4872 eastra
923 4831 983 4871 mo·

183 4917 238 4985 rit,
257 4916 364 4986 sibique
378 4915 492 4971 inuicem
507 4913 618 4969 aduersa
641 4911 731 4968 irunte
750 4911 822 4967 illius
835 4908 984 4980 Liciniique

184 5011 324 5090 exereitus
348 5010 454 5067 obviam
478 5010 517 5065 sie
534 5015 743 5081 processerunt,
770 5015 801 5061 ut
825 5006 884 5061 solo
903 5020 984 5077 quem

182 5105 316 5163 &rentum
332 5112 447 5170 nocant,
468 5101 554 5159 sterili
570 5115 665 5172 eatrrpo
680 5109 882 5172 separarentur.
906 5097 983 5154 Tarne

184 5198 220 5254 de
233 5212 300 5268 paee
310 5210 400 5252 secum
414 5195 539 5252 collocuti
550 5195 735 5264 imperatores,
751 5207 810 5249 eam
821 5192 983 5248 Marintiuus

184 5292 295 5363 penitus
310 5289 414 5360 rejecit.
431 5290 471 5346 ild
488 5301 583 5343 rnanus
604 5287 685 5359 igitur
701 5293 810 5341 ventum
826 5295 884 5351 est,
902 5294 983 5355 atque

185 5386 319 5444 Liciniani
334 5386 360 5440 in
376 5385 470 5440 bostes
480 5392 555 5438 tanto
566 5383 668 5452 impetu
682 5381 828 5445 irruerunt,
840 5385 870 5434 ut
891 5376 936 5433 his
948 5379 982 5434 ad

184 5481 399 5540 internecionem
423 5478 518 5543 eaesis,
533 5477 592 5548 ipse
607 5474 781 5542 blaximinus,
802 5480 908 5542 sumpta
926 5486 984 5527 ser·

182 5576 231 5632 rili
247 5583 336 5642 reste,
354 5573 449 5644 lugere
461 5570 572 5626 adactus
585 5569 676 5624 interit.
693 5571 781 5639 atque
800 5569 835 5622 ita
853 5567 984 5635 lrocprar-

182 5670 279 5727 liuma
297 5666 399 5724 Ceciiio
414 5675 507 5722 nostro
521 5663 692 5720 describitur.
710 5662 835 5718 zozimus
846 5674 910 5716 nero
921 5674 984 5714 arar-

183 5770 230 5819 rut
246 5758 361 5832 (dodun.
383 5756 427 5813 ιιι.
442 5772 461 5813 ιι
481 5753 591 5827 dirior.)
610 5755 708 5813 acriter
722 5752 859 5825 utrimque
881 5763 985 5823 pugna·

1039 4645 1102 4691 tem.
1118 4635 1156 4690 lbi
1174 4645 1263 4690 autem
1278 4634 1393 4690 Cecilios
1412 4633 1524 4689 innuere
1537 4633 1642 4688 uidetur
1656 4633 1832 4689 Maximinum

1038 4728 1140 4800 legisse
1160 4742 1247 4799 usque
1265 4727 1299 4783 ad
1318 4726 1495 4800 Cappadociae
1512 4724 1598 4792 ines,
1622 4724 1666 4780 ubi
1684 4726 1788 4782 scilieet
1805 4739 1836 4780 ea

1037 4821 1129 4877 Tauro
1144 4827 1263 4876 mantea
1283 4817 1376 4875 Cilicia
1392 4819 1604 4875 disterminatur.
1620 4817 1744 4874 Postlrare
1763 4818 1835 4874 enim

1038 4925 1130 4972 narrat
1141 4913 1277 4986 quomodo
1294 4912 1396 4968 Licinio
1413 4911 1590 4977 adretttante,
1610 4910 1771 4966 Maximinus
1790 4910 1837 4981 qui

1038 5008 1203 5080 aliquamdiu
1218 5008 1245 5062 iu
1263 5003 1432 5074 Cappadocia
1453 5010 1634 5068 rcnrauserat,
1659 5002 1722 5058 binc
1740 5017 1835 5059 rursus

1036 5099 1135 5171 legerit
1156 5100 1182 5154 in
1207 5098 1326 5169 ejursdcm
1350 5097 1431 5152 Taturi
1455 5097 1554 5152 montis
1575 5096 1722 5168 augustias.
1748 5096 1836 5153 Murri-

1037 5192 1136 5247 mentis
1154 5198 1243 5245 atatem
1257 5197 1285 5244 et
1305 5187 1422 5243 turribus
1438 5187 1473 5242 ibi
1493 5185 1649 5254 lubricatis,
1666 5186 1717 5243 iter
1730 5188 1833 5245 Licinio

1036 5285 1178 5341 obstruere
1191 5281 1297 5354 quidem
1312 5280 1440 5337 corruisus
1450 5290 1491 5336 est
1506 5295 1513 5333 :
1531 5277 1625 5332 Verum
1648 5278 1708 5333 inde
1718 5280 1834 5335 dratrer-

1036 5394 1105 5443 aaut,
1122 5375 1202 5433 verba
1217 5372 1400 5438 suntCecilii,
1419 5373 1445 5428 in
1460 5372 1642 5441 manuscripto
1654 5380 1743 5427 autem
1757 5370 1832 5426 eodi-

1037 5489 1069 5531 cc
1081 5477 1227 5537 detornant,
1241 5469 1310 5526 iorte
1322 5468 1467 5534 detnrsus,
1488 5476 1533 5522 aaut
1550 5467 1695 5538 depulsus,
1708 5474 1835 5540 postrema

1039 5572 1153 5643 eaulapit
1168 5568 1296 5634 Tarsum,
1314 5564 1416 5621 Ciliciae
1432 5562 1557 5619 uidelicet
1582 5561 1675 5618 urbem
1689 5601 1697 5628 ,
1713 5562 1739 5615 in
1753 5572 1833 5631 qnam

1039 5679 1087 5735 per
1098 5663 1179 5720 Turul
1195 5660 1295 5719 moratis
1309 5658 1400 5716 iartees
1414 5656 1564 5729 aufugerat.
