4142 6184
157 268 202 328 tit
522 267 677 329 bissena.
695 266 729 327 tu
748 266 812 327 ΗΒ.
823 266 869 327 DE
887 266 1062 326 eoufluds
1080 267 1272 328 usussctit.
1291 266 1368 328 GAP.
1388 268 1437 326 tx.
1745 273 1800 332 958

157 382 223 448 lacti,
234 382 261 438 in
272 381 466 454 lmperatorum
481 384 582 455 palatio
593 394 804 453 commorantes,
818 386 888 441 hanc
898 400 944 456 po·
964 393 1049 452 Astra
1059 385 1169 442 Galerio
1188 387 1353 457 imperatore
1365 393 1530 457 susceperat.
1544 384 1714 459 Quapropter
1727 387 1799 446 Can·

157 483 273 533 notamen
288 476 418 532 uxoribus
434 476 645 549 domesticisque
658 477 716 534 suis
736 493 789 534 non
804 477 944 544 iaceruurt3
997 479 1135 536 didianum
1158 482 1231 537 illius
1251 498 1284 538 ea
1306 482 1456 538 concubium
1481 481 1565 537 illium
1582 483 1632 540 sibi
1648 483 1795 554 adoptauit.

157 569 200 624 nisi
224 568 332 638 ipsimet
359 569 536 639 imperatores
561 573 723 638 annuerint,
743 580 790 628 aut
804 571 878 642 prius
890 569 946 627 suis
997 570 1121 628 Galerius
1142 587 1209 628 aero
1230 573 1365 639 moriens,
1381 585 1408 630 et
1420 574 1491 631 hunc
1503 585 1530 631 et
1545 574 1678 631 Valeriam
1693 574 1798 635 Licinio

156 661 277 719 uxoribus
300 662 425 720 eamdent
447 662 568 720 dederint
598 663 762 721 iaculantem.
785 664 852 731 Quis
872 663 946 720 enlm
997 666 1215 734 commendarit,
1242 668 1369 741 illiusque
1392 668 1501 725 tradidit
1520 670 1547 726 iu
1566 684 1672 726 marrus.
1689 670 1796 728 Etbaec

156 753 818 827 nesciatsolitumessacurialiumetpalatinorum
829 771 944 822 morem,
997 758 1104 828 quidem
1125 776 1158 816 er
1173 759 1275 816 cecilio
1300 769 1393 816 nestro
1416 761 1581 832 acecpimus.
1597 763 1798 830 Seulcxplicata

157 857 182 905 ut
190 847 254 903 nibil
266 846 325 904 lere
336 847 408 903 aliud
424 846 529 918 publice
541 854 637 919 agant,
661 862 741 918 quam
753 847 825 919 quod
838 848 946 917 regibus
997 848 1063 905 illud
1077 849 1225 915 dilleilius,
1239 852 1311 923 quod
1326 853 1360 908 ab
1374 853 1433 924 ipso
1446 868 1539 911 rursus
1558 857 1593 912 de
1608 857 1702 912 eadem
1713 857 1795 916 Vale-

156 941 269 1013 plaeeatl
291 938 472 997 verisimilius
493 948 536 996 ast
553 939 635 1010 igitur
659 940 713 994 illis
731 938 840 996 Eusebii
856 938 946 995 verbis
997 939 1056 1007 ria,
1071 939 1254 1012 Carudidiano,
1268 959 1300 1000 ac
1313 943 1479 1013 Severiano,
1504 947 1597 1003 Severi
1624 947 1796 1020 imperaturis

154 1032 303 1106 signidcari,
319 1041 382 1090 ante
394 1035 555 1091 coercitatam
567 1049 583 1089 a
597 1033 764 1091 Diocletiano
779 1032 805 1089 in
819 1031 945 1089 cluristia·
997 1035 1054 1092 tilio
1077 1049 1201 1094 narratur
1216 1056 1224 1094 ι
1241 1057 1250 1091 ι
1265 1038 1415 1107 Licinium,
1435 1058 1445 1093 r
1467 1040 1571 1112 inquit,
1588 1060 1598 1095 ι
1613 1042 1669 1114 jum
1694 1043 1796 1112 pridem

154 1143 199 1185 nos
209 1127 439 1199 persecutionem,
461 1125 640 1196 imperatores
659 1125 869 1182 domesticorum
883 1139 946 1182 suo·
996 1131 1074 1199 quasi
1087 1129 1186 1185 malrum
1200 1140 1371 1200 metuentes,
1384 1147 1445 1189 cum
1456 1133 1601 1191 Maximino
1616 1151 1677 1194 esse
1691 1118 1797 1195 malue-

153 1237 206 1279 rum
228 1219 406 1291 coniugibus,
429 1217 571 1291 multoque
582 1217 668 1291 magis
686 1219 802 1274 suismet
814 1218 946 1274 erroribus
997 1231 1068 1290 rant,
1081 1238 1137 1293 pree
1149 1221 1338 1295 Valeriaquae
1354 1225 1447 1282 uolens
1457 1225 1561 1283 Licinio
1572 1228 1702 1287 iuomuas
1713 1229 1797 1288 iiaxl-

152 1314 281 1373 llcentiam
295 1313 403 1370 dedisse
412 1327 489 1370 suam
504 1312 609 1369 colendi
624 1312 792 1383 religionem.
997 1316 1080 1372 miani
1094 1317 1193 1375 Galerii
1206 1319 1377 1378 lraereditates
1385 1321 1446 1394 jure
1456 1338 1506 1380 suo
1520 1325 1627 1395 cedere,
1636 1327 1706 1384 idem
1714 1329 1798 1386 liaxi-

183 1408 217 1463 At
227 1406 332 1463 tametsi
346 1419 393 1462 res
405 1404 442 1461 ita
455 1419 486 1461 se
498 1403 620 1470 baberet,
632 1403 660 1460 in
672 1402 885 1460 controuersiam
899 1401 946 1458 ad·
996 1407 1071 1463 mino
1085 1420 1241 1480 negaverat.
1256 1430 1265 1463 ι
1280 1409 1376 1467 Nonne
1390 1413 1462 1469 enim
1478 1413 1536 1471 nac
1549 1418 1631 1472 verba
1644 1418 1798 1490 signiticant

150 1501 296 1563 teneant
310 1510 399 1572 potest
410 1509 501 1556 utrum
512 1498 604 1556 Prisca
613 1510 640 1554 et
650 1497 768 1562 Valeria,
789 1499 945 1568 priusquam
997 1497 1215 1571 Valeriampost
1226 1503 1314 1558 mariti
1325 1503 1367 1559 sui
1377 1502 1477 1562 Galerii
1490 1518 1684 1576 mortem,cum
1694 1510 1800 1569 Licinio

153 1596 332 1654 biactedaues
344 1591 615 1651 christianosucxrrc
628 1593 753 1664 coeperit,
768 1593 946 1649 christianam
996 1595 1179 1651 remansisse?
1202 1595 1391 1652 Verumtamen
1414 1600 1488 1668 prius
1512 1600 1633 1657 dixerat:
1652 1621 1662 1655 ι
1679 1602 1800 1661 Venerat

149 1690 302 1760 religionem
327 1701 422 1745 revera
449 1686 609 1759 amplexatae
631 1687 696 1743 sint.
719 1686 753 1741 Et
777 1686 803 1741 id
823 1685 946 1742 Batonius
996 1697 1059 1758 post
1080 1689 1182 1746 obitum
1207 1689 1345 1747 ilauiruini
1369 1691 1465 1747 Galerii
1483 1693 1516 1749 ad
1530 1711 1600 1760 eum,
1614 1694 1796 1766 Masindaaur,

150 1783 253 1856 quidem
269 1782 375 1854 penitus
388 1782 533 1848 inliciatur,
542 1778 730 1850 quiaGecitius
745 1779 816 1835 haud
830 1781 947 1836 obscure
959 1795 985 1857 B
998 1777 1116 1846 Valeria,
1130 1795 1191 1837 cum
1206 1798 1235 1837 se
1250 1793 1355 1854 putaret
1369 1783 1395 1838 in
1409 1785 1528 1854 partibus
1542 1786 1601 1856 ejus
1613 1789 1695 1843 tutius
1710 1803 1799 1844 mora-

150 1875 305 1934 testldcatus
317 1884 360 1931 est
374 1875 492 1931 Priscam
506 1882 534 1930 et
544 1873 680 1931 Valeriam
694 1887 774 1929 ausus
786 1888 841 1929 uon
862 1870 947 1929 luisse
1000 1878 1088 1927 turam
1101 1890 1108 1938 ;
1120 1889 1153 1930 eo
1167 1877 1305 1942 merisne,
1326 1876 1399 1948 qrrnd
1417 1877 1533 1935 babebat
1548 1896 1669 1936 atrorem.
1690 1899 1700 1935 r
1715 1881 1800 1939 Num·
1857 1923 1859 1932 ι

148 1972 229 2043 impio
241 1970 401 2028 pimeniam
411 1970 521 2027 decrero
535 1969 676 2041 refragari,
690 1968 770 2040 Aequi
784 1970 806 2024 si
820 1967 947 2024 christia.
998 1963 1062 2034 quid
1076 1966 1235 2036 responderi
1248 1978 1338 2040 potest
1351 1970 1538 2027 brevissimam
1553 1972 1638 2031 luisse
1655 1974 1714 2047 ejus
1728 1976 1800 2046 apud

148 2080 210 2122 nam
221 2063 302 2121 iidem
317 2078 411 2120 reuera
427 2061 631 2134 profitebantur,
655 2077 704 2117 cur
718 2060 778 2115 aliis
793 2059 949 2115 christianis
999 2052 1131 2112 Licinium
1146 2074 1268 2128 moratu,
1283 2077 1315 2116 ae
1327 2065 1452 2135 protinus
1467 2063 1619 2137 confregisse
1631 2068 1664 2121 ad
1680 2067 1802 2124 llaximi·

147 2159 313 2216 mulierculis
320 2157 456 2229 etpoeris,
465 2157 512 2229 qui
523 2164 595 2212 tanta
606 2155 763 2212 fortitudine
778 2155 858 2211 lldcnr
871 2169 948 2210 suam
999 2164 1077 2216 num,
1087 2152 1157 2221 apud
1172 2169 1251 2225 quem
1267 2170 1297 2210 se
1312 2156 1437 2212 tutiorem
1453 2156 1512 2214 lore
1524 2158 1746 2230 sperabattatsi
1756 2176 1801 2218 res

147 2251 182 2307 ad
194 2251 355 2308 dirissimam
370 2265 456 2313 usque
470 2248 682 2306 internecionem
695 2246 812 2305 confessi
827 2255 900 2316 surrt,
917 2246 950 2304 ti·
999 2242 1035 2298 ita
1051 2243 1096 2312 sit,
1113 2259 1163 2302 cur
1175 2248 1301 2305 omuibus
1314 2248 1415 2306 dalani
1431 2250 1510 2306 boreis
1522 2252 1607 2308 valuit
1629 2253 1732 2310 Licinio
1755 2269 1801 2311 ce.

149 2343 277 2401 aridiores
298 2357 360 2400 sese
381 2340 504 2398 uelandis
530 2340 703 2397 arausicorum
729 2339 870 2418 sacrifieiis
893 2349 948 2395 tam
1000 2336 1083 2393 derel
1096 2338 1222 2396 Nonnulli
1236 2342 1326 2412 itaque
1341 2344 1368 2398 in
1383 2352 1457 2399 textu
1471 2342 1564 2401 cecilii
1576 2347 1676 2410 nolens,
1685 2361 1738 2403 uon
1755 2363 1803 2403 au-

148 2435 228 2492 iacile
239 2434 501 2508 coinquinaverunt?
522 2433 579 2489 ilua
597 2432 717 2498 accedit,
729 2431 799 2503 quod
814 2442 906 2502 postea
920 2432 949 2488 in
1001 2436 1058 2486 tem
1070 2431 1158 2487 soleas
1172 2432 1316 2504 legendum
1338 2438 1519 2503 suspicantur.
1536 2437 1636 2493 Verum
1648 2441 1675 2494 in
1688 2438 1802 2497 Colber·

149 2528 201 2586 boc
213 2526 308 2585 Cecilii
322 2526 392 2583 libro
405 2542 497 2584 earum
511 2526 610 2595 saepius
625 2525 655 2580 lit
668 2525 787 2592 mentio;
805 2524 901 2580 nullibi
910 2531 952 2581 ta-
1002 2523 1059 2577 tino
1070 2525 1163 2581 codice
1174 2527 1305 2597 scripturn
1318 2537 1378 2582 est:
1401 2527 1500 2582 l'alenti
1512 2527 1623 2584 Licinnio.
1632 2528 1701 2586 Vide
1711 2541 1803 2588 autent

149 2637 212 2679 meru
224 2621 307 2678 ullum
323 2635 433 2692 prorsus
446 2619 588 2691 religionis
610 2617 777 2686 christianae,
793 2616 952 2673 abcissus·
1001 2625 1092 2671 utrum
1109 2616 1171 2672 inde
1183 2616 1226 2673 hic
1237 2633 1332 2673 sensus
1343 2619 1405 2674 clici
1418 2635 1545 2688 umquam
1561 2624 1654 2691 possit,
1669 2622 1803 2680 Licinium

149 2723 246 2784 ceptae,
258 2712 508 2784 vestigiumerstat.
520 2710 590 2779 Quia
603 2710 686 2765 immo
697 2724 750 2765 non
765 2717 873 2781 propter
883 2709 952 2764 trane
1002 2706 1121 2763 relisisse
1134 2708 1160 2763 in
1174 2725 1269 2765 omnes
1280 2709 1409 2765 inuadere
1419 2709 1521 2767 Galerii
1532 2712 1712 2783 luaereditates,
1721 2725 1803 2785 atquo

149 2808 332 2880 religionem,
351 2806 399 2862 scd
412 2805 595 2862 conditinnem
608 2813 636 2861 et
649 2803 824 2876 pudicitiam,
837 2802 877 2858 uti
890 2817 951 2857 mor
1004 2797 1107 2856 ideirco
1130 2798 1264 2856 Valeriani
1290 2801 1434 2859 conelestim
1460 2807 1495 2856 alr
1517 2819 1551 2859 eo
1575 2804 1692 2875 iugisse;
1715 2816 1745 2862 ut
1768 2805 1804 2862 ad

152 2901 288 2967 dicemus,
303 2901 472 2972 interemptae
487 2898 622 2955 dicuntur.
1004 2891 1196 2961 Maximinum,
1212 2895 1258 2963 qai
1274 2910 1385 2952 aaronem
1410 2896 1540 2965 babebat,
1564 2912 1624 2954 sese
1638 2898 1720 2956 tutius
1734 2899 1805 2956 reci·

184 2993 239 3051 Alii
262 3002 350 3049 tamen
365 3006 412 3047 eas
430 2999 478 3047 aut
492 2989 653 3047 christianas
667 2989 770 3058 luisse,
794 2997 840 3045 aut
852 2988 950 3044 saltem
1005 2998 1092 3060 peret.
1110 2986 1164 3043 Sed
1179 2987 1239 3059 quis
1252 2987 1289 3044 ibi
1305 2988 1435 3045 Lactantii
1450 2988 1550 3061 stylum
1564 2991 1710 3062 agnoscet?

146 3085 308 3143 christianis
330 3083 428 3141 lavisse
450 3063 514 3140 inde
537 3091 668 3154 arguunt3
689 3080 752 3152 qnia
767 3080 801 3137 ad
812 3080 952 3152 gentilium
1041 3078 1149 3135 Valeria
1161 3095 1241 3151 porro
1252 3094 1305 3135 ruon
1318 3095 1390 3145 earn,
1406 3096 1485 3149 uquam
1497 3081 1617 3151 optabat,
1630 3098 1645 3137 a
1659 3081 1805 3140 llariruino

146 3177 203 3236 diis
216 3175 422 3234 sacrificandum
435 3184 538 3232 coactae
550 3173 662 3230 luerint.
676 3171 799 3230 Gentiles
813 3171 989 3241 enimveroc
1005 3170 1160 3242 impetrauit
1171 3171 1355 3227 securitatem.
1372 3172 1516 3228 Enimvero
1529 3173 1571 3230 vir
1581 3173 1626 3229 ilie
1641 3173 1808 3232 libidinosis·

144 3285 205 3328 non
220 3268 478 3340 inritoetiugratis,
494 3268 542 3323 sed
552 3275 649 3336 sponte
659 3273 687 3321 et
700 3264 770 3321 ultro
782 3263 835 3320 diis
848 3262 953 3319 sacrifl-
1006 3263 1092 3320 simus
1107 3265 1176 3320 lianc
1190 3266 1296 3335 ipsam,
1311 3264 1410 3336 rejecta
1422 3281 1506 3322 rurore
1516 3280 1576 3331 sua,
1592 3265 1619 3321 in
1634 3266 1807 3324 matrimonio

144 3362 261 3421 cabant.
273 3360 341 3430 Quid
354 3374 431 3425 raro,
440 3358 465 3414 si
477 3366 539 3430 post
552 3357 604 3414 hoc
616 3355 779 3413 socrillclum
793 3354 895 3425 peccati
908 3366 955 3410 eas
1006 3356 1107 3414 habere
1128 3357 1227 3433 uoluit,
1250 3374 1328 3430 qaam
1342 3374 1422 3432 nuper
1433 3357 1607 3430 appellaverat
1620 3371 1737 3417 uratrena.
1751 3357 1808 3418 Cur

143 3473 206 3515 nnn
222 3454 377 3527 poenituerit
387 3493 396 3522 ,
408 3461 455 3510 aut
474 3467 531 3524 praa
549 3451 645 3507 timore
659 3450 808 3507 celaverint
820 3448 956 3519 poeniten-
1006 3463 1096 3508 autem
1112 3460 1226 3508 matrem
1240 3450 1402 3521 appellabat,
1417 3452 1467 3506 nisi
1482 3451 1594 3508 honoris
1605 3467 1698 3520 causa,
1708 3463 1735 3509 et
1745 3453 1809 3524 quia

144 3547 240 3605 giam?
1006 3544 1108 3614 conjux
1122 3543 1211 3600 lauerat
1222 3542 1323 3600 Galerii
1337 3543 1470 3615 Augusti,
1495 3544 1541 3614 qul
1565 3554 1708 3615 propterea
1735 3546 1809 3616 quod

185 3640 284 3711 Neque
300 3638 414 3712 objicias
425 3637 555 3696 cecilium
569 3635 723 3709 paulopost
736 3634 806 3707 (cap.
819 3630 957 3702 idladdi·
1008 3635 1194 3705 Maximinum,
1206 3646 1234 3691 ut
1246 3636 1375 3702 disiacus,
1393 3636 1494 3692 iecerat
1505 3636 1651 3703 Cesar-em,
1667 3637 1702 3693 ab
1716 3653 1749 3693 eo
1762 3653 1810 3709 pa-

143 3734 229 3791 dissa
240 3731 365 3790 :lodices
377 3747 423 3805 per
436 3731 523 3788 omnia
533 3730 630 3801 templa
643 3728 774 3783 aninumr
786 3726 822 3781 ad
830 3725 958 3795 saeriieia
1008 3739 1062 3797 ter,
1076 3740 1158 3797 atique
1173 3729 1275 3784 idcirco
1288 3742 1360 3783 uxor
1371 3728 1432 3798 cius
1446 3737 1534 3783 mater
1545 3741 1669 3785 vocatur.
1691 3728 1810 3799 ipsamet

144 3827 289 3901 rogabam.
309 3825 376 3884 Nam
401 3825 458 3882 lraec
478 3840 532 3881 non
554 3824 653 3880 minori
668 3838 748 3893 quam
762 3821 890 3893 pleraque
904 3820 957 3876 alia
1008 3838 1075 3879 uero
1090 3821 1195 3879 Valeria
1208 3821 1319 3894 legatis,
1338 3824 1385 3895 qui
1407 3836 1466 3878 earu
1487 3821 1625 3878 ilaximiui
1650 3824 1759 3881 nomine
1781 3825 1811 3882 in

143 3923 214 3995 ejus
226 3921 308 3979 rerba
321 3920 485 3978 obscuritate
497 3917 617 3975 inuoluta
631 3925 704 3974 sunt.
726 3916 754 3973 Si
767 3915 957 3971 universorum
1009 3916 1210 3975 matrimonium
1230 3916 1376 3987 petebant,
1388 3915 1530 3986 respoudit
1543 3917 1639 3988 tepidis
1651 3918 1740 3977 adbuc
1752 3936 1811 3977 ma·

146 4014 258 4073 etenim
271 4013 381 4070 nomine
392 4022 445 4068 tam
456 4009 593 4084 gentiles,
615 4024 695 4079 quam
706 4008 868 4064 clrristianos
880 4021 958 4064 eatu-
1009 4011 1055 4067 riti
1068 4011 1110 4066 sui
1129 4009 1285 4077 cineribus,
1300 4017 1329 4065 ct
1341 4008 1369 4065 in
1384 4007 1463 4064 lerali
1476 4008 1564 4065 uiduae
1578 4008 1689 4078 babitu,
1704 4009 1744 4066 ias
1758 4010 1809 4067 sibi

144 4105 317 4181 prehendit,
338 4104 401 4161 inde
420 4101 518 4161 conflci
532 4116 586 4157 uon
599 4109 687 4172 potest
697 4097 832 4156 Valeriam
845 4106 873 4154 et
885 4095 960 4154 Pris-
1011 4118 1065 4158 non
1078 4102 1163 4159 luisse
1174 4101 1209 4157 de
1223 4100 1350 4159 secundis
1362 4102 1463 4172 eruptiis
1475 4101 1604 4171 cogitare.
1621 4101 1715 4158 Numae
1736 4103 1809 4160 enim

144 4217 216 4260 cam
231 4200 315 4257 luisse
328 4197 500 4255 christianas.
524 4194 554 4253 Si
578 4207 643 4250 uero
662 4207 761 4248 nomen
783 4189 850 4246 illud
876 4204 959 4246 sensu
1011 4177 1137 4266 Pompilii
1152 4194 1238 4265 legem
1259 4192 1422 4249 Plutarchus
1443 4192 1534 4249 retulit
1549 4191 1696 4264 (Platarelr.
1711 4193 1739 4248 r'n
1757 4192 1810 4248 ta.

143 4292 364 4353 accommodato
379 4287 526 4362 accipiatur
540 4302 590 4359 pro
604 4285 731 4342 omnibus
744 4282 915 4348 christianis,
932 4287 961 4337 et
1013 4287 1118 4356 Numa,
1131 4299 1150 4344 t.
1165 4289 1197 4357 r),
1207 4303 1258 4359 qua
1269 4288 1380 4343 vetitum
1396 4294 1464 4355 erat,
1482 4301 1516 4340 ne
1531 4285 1719 4358 ullaumquam
1732 4285 1812 4343 uidua

144 4388 187 4444 ad
199 4402 251 4444 cos
261 4386 404 4451 reiteratur,
414 4383 477 4439 uina
488 4390 560 4438 recte
584 4378 716 4435 inseretur
728 4377 789 4433 illas
804 4374 960 4432 christianae
1012 4390 1077 4438 ante
1097 4389 1206 4437 exactus
1226 4389 1289 4452 post
1307 4378 1396 4434 mariti
1409 4378 1451 4433 sui
1463 4386 1578 4433 mortem
1596 4378 1690 4434 decem
1703 4380 1812 4437 circiter

144 4481 285 4551 religioni
304 4495 384 4537 saum
399 4478 489 4548 reipsa
500 4474 610 4533 dedisse
624 4488 734 4530 nomen.
752 4470 901 4527 Fatendum
917 4477 960 4525 est
1013 4489 1123 4531 menses
1137 4472 1213 4528 alteri
1229 4473 1351 4527 rrulreret.
1366 4469 1479 4526 Ovidius
1491 4480 1581 4526 autem
1596 4485 1648 4526 non
1662 4472 1751 4527 solum
1763 4472 1813 4527 lau·

146 4572 242 4643 igitar
255 4570 335 4627 valde
347 4568 500 4640 ambiguam
515 4581 578 4623 csse
590 4564 709 4619 auctorit
728 4561 813 4617 ndilrl
830 4561 961 4615 θΙοῦυῑὶθ·
974 4577 1002 4639 1)
1013 4568 1090 4636 iusce
1099 4563 1202 4621 decreti
1225 4562 1343 4619 reddidit
1364 4565 1515 4629 rationem,
1535 4561 1583 4618 sed
1597 4562 1719 4619 meminit
1731 4566 1812 4620 etiam

144 4680 235 4731 ⁰0¹⁰,
249 4679 283 4721 0¹
296 4677 348 4734 qua
361 4663 404 4717 lii
413 4661 482 4717 0⁰¹st
494 4657 594 4729 inquid
607 4655 690 4729 9⁰⁸⁶i¹
699 4652 834 4710 0⁰⁰⁰¹¹¹db
847 4650 963 4706 Vllum·
1015 4655 1122 4719 teratu,
1141 4655 1178 4709 uti
1196 4656 1314 4725 loquitur
1325 4665 1420 4709 auctor
1434 4664 1542 4721 ruostcr,
1561 4663 1590 4708 et
1602 4651 1725 4724 lugubris
1738 4653 1816 4711 babi-

145 4766 251 4815 tamen
273 4755 311 4811 ita
336 4753 450 4811 lortasse
472 4752 579 4808 locutus
600 4758 657 4815 est3
681 4748 743 4818 quia
759 4755 823 4800 tunc
836 4744 962 4799 omnibus
1017 4758 1071 4813 tus,
1084 4761 1138 4816 quo
1153 4761 1201 4816 per
1214 4744 1240 4800 id
1255 4755 1360 4816 tempus
1374 4743 1453 4800 uidua
1468 4744 1542 4800 indui
1557 4745 1694 4801 debebat:

145 4858 215 4907 tam
244 4849 413 4917 exploratum
439 4844 507 4908 luit,
530 4858 610 4915 quam
626 4855 698 4897 nunc
710 4840 907 4907 incompertum
921 4841 964 4890 est
1063 4838 1134 4900 Quod
1144 4839 1203 4887 satis
1213 4845 1252 4888 est
1263 4844 1336 4887 utero
1346 4836 1440 4895 matris,
1453 4836 1511 4885 dum
1523 4835 1626 4898 prodeat
1637 4835 1725 4900 intans,

146 4952 253 5000 utram
270 4940 361 4997 Prisca
373 4949 400 4995 ct
410 4936 517 4995 Valeria
534 4932 689 4992 christianae
701 4929 819 4987 luerirut:
835 4925 882 4983 sed
896 4924 963 4981 illud
1063 4900 1589 5021 Pgffigffigffissefffigffi'jsffl
1600 4970 1664 5008 uxor

145 5035 286 5110 proiecta
294 5032 412 5091 cecilius
423 5024 797 5180 ροεέἰὶἰιιαέἰῖιθίιιιὶοκρΙὶιιιθ
812 5019 938 5077 debebat.
1095 5024 1242 5075 sustinetis
1254 5020 1616 5147 vidcaqu‘rirs'trlqbsiqnfaraduaroqu
1628 5085 1660 5135 35
1669 5087 1693 5134 a
1703 5088 1783 5152 mm.)

146 5221 200 5280 De
223 5219 329 5277 Valeria
350 5227 375 5274 et
392 5215 556 5274 Candidiana
579 5210 613 5267 alr
626 5226 657 5265 ea
669 5209 700 5264 od
711 5206 871 5264 sterilitatem
886 5201 968 5273 adap-
1055 5197 1107 5252 Per
1120 5193 1171 5251 laos
1183 5194 1275 5264 itaque
1288 5205 1397 5246 meuses
1410 5189 1450 5245 illi
1462 5189 1564 5245 idcirco
1579 5189 1605 5245 in
1620 5191 1748 5250 uiduitate
1758 5201 1818 5250 erat

194 5324 267 5381 ww,
276 5329 322 5368 m
334 5308 382 5368 ma
396 5305 561 5379 vongum
570 5304 618 5360 „fri
628 5303 669 5359 ,up
682 5309 800 5365 mmm,
817 5297 969 5352 grauiore.
1018 5286 1246 5362 permanendrun;
1262 5282 1323 5352 quria
1346 5283 1478 5337 rurorieute
1500 5281 1573 5349 uiro,
1601 5297 1743 5352 pregnans
1757 5299 1818 5341 esse

197 5406 276 5470 licre,
290 5403 433 5475 confugerit
447 5400 483 5457 ad
499 5397 680 5460 Maximinum,
694 5393 800 5466 ejusque
813 5388 917 5460 nuptias
928 5402 969 5441 re·
1018 5389 1138 5454 poterat.
1150 5379 1178 5433 Si
1191 5378 1266 5449 plura
1280 5374 1430 5440 desideres,
1444 5374 1587 5478 eurursulere
1601 5388 1731 5477 prseterea
1744 5386 1820 5480 pote·

191 5499 301 5572 jecerit.
315 5496 356 5552 De
368 5497 449 5568 nigris
465 5490 695 5549 redamantium
708 5487 749 5541 rai
763 5496 877 5554 tempore
890 5480 968 5535 oesti-
1019 5474 1059 5530 ris
1073 5468 1239 5528 Brissouium
1253 5479 1280 5523 et
1292 5465 1488 5524 Girtboireduur
1501 5465 1629 5540 (Brasaca.
1645 5466 1690 5522 lrb.
1713 5467 1745 5522 de
1758 5484 1821 5537 para

196 5593 404 5659 duumuirum
417 5585 665 5660 nullaimpeeataria
674 5596 741 5640 acor
752 5579 865 5637 maudo
876 5575 969 5634 morito
1019 5566 1138 5625 Gaaaab.
1152 5565 1180 5619 ia
1189 5565 1250 5634 liu.,·
1264 5559 1372 5631 Gmbal.
1386 5567 1441 5614 uat.
1457 5559 1485 5614 in
1496 5559 1546 5632 leq.
1558 5575 1566 5614 ι
1580 5562 1612 5616 de
1624 5576 1677 5618 sec.
1688 5568 1763 5631 capt.
1780 5569 1800 5615 t.
1812 5574 1821 5615 r

196 5693 281 5741 anteo
294 5698 417 5755 umquam
430 5682 557 5752 nupserit.
1021 5657 1087 5718 ead.
1098 5656 1198 5714 itead
1209 5676 1237 5731 ρ.
1247 5655 1298 5713 ast
1314 5667 1339 5712 et
1349 5654 1444 5726 seqq).

147 5845 158 5856 ,
197 5774 299 5835 Nullos
310 5782 421 5848 propter
433 5770 606 5829 sterilitatem
620 5767 727 5828 liberos
735 5763 844 5825 Valeria
863 5775 898 5823 ox
911 5759 971 5819 viro
1058 5753 1172 5811 Constat
1182 5760 1273 5809 autem
1289 5750 1379 5822 nigras
1389 5749 1472 5806 luisse
1483 5750 1602 5806 virorum
1618 5750 1644 5806 in
1656 5761 1823 5808 mortuarum

371 5868 501 5932 Parnon
527 5863 597 5928 vit.
1526 5841 1566 5902 3⁰
