4142 6184
190 210 246 268 873
541 231 695 299 messus.
715 243 750 304 tit
767 245 831 307 ΗΒ.
852 249 898 310 bb
916 250 1090 319 desumus
1107 259 1298 330 PERSECUT.
1317 273 1395 337 CAP.
1414 282 1460 341 tv.

187 326 251 384 darn
274 332 356 390 etiam
372 334 400 393 in
413 338 511 402 litteris
532 348 565 406 ad
587 355 690 416 amieos
701 358 782 432 datis,
796 366 843 425 alii
861 370 887 426 ln
913 371 989 429 libris
1001 386 1029 447 Α
1041 387 1094 443 que
1108 377 1271 451 imperatore
1283 389 1422 452 intellectu
1437 398 1526 457 minus
1545 403 1648 478 facilia,
1672 423 1720 473 aut

185 422 239 480 alia
253 424 288 482 de
308 445 339 487 re
352 440 520 509 cutnpositis,
544 445 591 502 alii
615 452 743 517 peculiari
761 461 876 529 quadam
891 464 919 521 in
932 467 988 525 dis·
1038 468 1146 528 vatione
1160 481 1246 548 magis
1257 482 1337 553 diqna
1352 493 1492 548 memoria·

186 520 336 579 sermione
369 531 460 586 eonati
489 543 553 591 sunt
584 539 698 601 obscura
726 550 848 617 quaedam
873 554 986 628 hujusce
1036 574 1088 616 uec
1111 573 1272 641 separatim,
1297 592 1331 633 ue
1351 584 1475 641 conlusio

184 609 249 670 libri
268 615 325 674 loca
344 634 397 692 pro
414 622 487 684 uirili
501 639 578 700 parte
595 637 730 707 explicare
751 653 779 699 et
801 647 839 702 iot

1742 421 1839 483 obser·

1507 498 1642 572 prodidit,
1664 505 1722 567 baec
1736 515 1837 590 simul,

1498 590 1588 661 aliqua
1612 598 1760 675 oboriatur,
1785 627 1836 683 pro

840 654 983 718 erpretari.
1035 653 1147 714 modulo
1159 672 1254 720 nostro
1267 671 1424 732 examinare
1436 718 1444 744 ,
1455 681 1591 754 enodare,
1607 700 1654 747 aut
1673 699 1837 767 conllrroare

222 705 364 770 Breviores
383 726 567 780 antemnates
582 726 610 783 in
621 729 694 789 bunc
706 734 804 793 librum
818 740 985 812 scripserunt
1035 748 1220 812 contuitamur.

184 794 302 858 Thomas
315 802 413 877 Spark,
429 810 560 887 Georqius
573 817 707 891 Grerius,
719 825 794 885 utras
812 830 983 906 Boberellus,
1071 836 1216 901 Histonium
1230 859 1321 908 aulem
1333 870 1410 916 suam
1423 860 1541 925 Cerillae
1556 873 1625 950 (cup.
1645 880 1674 950 ι)

182 886 304 949 Thomas
317 894 395 967 Gale,
410 901 507 963 Petrus
521 908 596 978 dlix,
619 912 719 974 Paulus
738 917 901 994 Goltoedns,
916 927 984 986 Vos-
1032 925 1186 991 Servatoris
1200 945 1285 999 nostri
1300 958 1388 1007 morte
1399 954 1442 1010 sic
1452 961 1574 1020 orditur:
1589 985 1599 1021 r
1618 970 1755 1037 Extremis
1770 994 1836 1043 tem·

181 980 252 1050 sius,
268 985 458 1064 llaucroixius,
482 998 629 1073 Bnrnetus,
649 1008 784 1069 Antonios
802 1015 867 1090 Paql
887 1018 915 1075 io
934 1035 982 1079 sua
1032 1022 1453 1109 boribus'flberllcoe821182ul
1476 1052 1605 1125 seriptum
1628 1062 1761 1142 ierimus,
1778 1076 1834 1135 tto·

168 1071 211 1128 q„
222 1074 330 1138 ssmqqq
344 1085 464 1145 ,qnmqeg
485 1093 591 1164 opifica,
605 1113 637 1155 ,ο
658 1100 812 1164 poqwepqg
827 1109 854 1166 q„
868 1109 982 1184 cypria.
1031 1114 1123 1173 miuus
1136 1132 1230 1181 noster
1240 1124 1319 1186 Jesus
1334 1133 1487 1198 cbristusa
1509 1145 1610 1208 ludaeis
1623 1163 1758 1222 cruciatus
1769 1180 1830 1242 est,

181 1166 564 1242 uicisdissertationibuszsed
578 1188 621 1247 bis
634 1191 812 1255 isteuoudum
825 1212 979 1277 contentus,
1031 1209 1178 1276 posidium
1192 1215 1328 1280 decimum
1343 1224 1520 1292 kalendarum
1536 1240 1639 1312 Aprilis
1654 1265 1662 1305 :
1688 1273 1698 1307 ι
1721 1255 1750 1314 ln
1774 1277 1832 1320 ma-

180 1263 349 1332 peculiarem
360 1272 396 1329 de
406 1275 464 1348 ripa
482 1281 581 1354 striga,
596 1284 632 1342 ab
641 1296 751 1348 auctore
762 1303 856 1352 nostro
877 1313 981 1357 memo-
1030 1303 1171 1369 nuserinto
1182 1311 1286 1380 codice,
1296 1323 1428 1389 postulem
1440 1327 1474 1384 lb
1485 1328 1538 1387 tu.
1551 1335 1616 1412 ιρι.
1632 1343 1733 1404 duobus
1745 1352 1829 1412 Gemi·

178 1361 250 1421 rata,
266 1356 484 1453 dissertationem
498 1369 593 1429 edidit.
1052 1393 1057 1405 '
1181 1401 1187 1414 ’

1697 900 1713 941 a
1733 886 1837 954 Christi

1237 1445 1245 1461 .
1261 1407 1296 1464 m
1308 1410 1461 1478 Firutianus
1475 1423 1632 1491 lactantius
1656 1439 1683 1495 in
1706 1448 1831 1514 genuinis

1238 1515 1264 1555 m
1296 1502 1497 1573 lostitutionmn
1533 1522 1609 1583 libris
1644 1536 1724 1602 paulo
1752 1541 1833 1603 aliter

176 1537 263 1609 lucio,
286 1543 412 1606 Gisberto
432 1551 556 1626 Cupero,
576 1557 681 1620 Juanne
693 1562 842 1637 Columbo,
866 1571 977 1629 Nicolao
1026 1579 1095 1637 dixit
1109 1585 1250 1660 (Leuant,
1267 1597 1312 1653 lib.
1333 1615 1362 1658 tr
1376 1606 1427 1661 din.
1442 1608 1524 1685 luat,
1545 1635 1602 1693 cop.
1627 1625 1671 1697 ld)
1687 1647 1694 1684 ε
1713 1651 1723 1685 r
1745 1633 1831 1695 Hero-

176 1629 335 1707 'loiuardo‚
362 1640 464 1702 Jacubo
486 1647 584 1716 Tullio,
604 1667 632 1711 et
652 1639 735 1714 Panlo
759 1660 888 1720 Bandrio.
913 1665 978 1735 Qui·
1025 1672 1139 1733 desiuit
1162 1683 1214 1741 sub
1234 1686 1349 1760 imperio
1371 1697 1473 1759 'liberii
1497 1707 1631 1779 casaris.
1654 1722 1733 1794 eujus
1757 1744 1830 1790 antro

173 1729 291 1789 busdam
321 1752 403 1807 porro
427 1741 454 1798 in
477 1744 574 1804 litteris
594 1750 738 1820 Valesius,
764 1756 888 1824 Diaulus,
914 1758 1013 1834 ste-13
1027 1766 1259 1848 quintodecimo,
1276 1783 1371 1858 idest,
1384 1792 1490 1852 duribus
1512 1800 1634 1867 Geminis
1648 1819 1827 1895 consulibus,

174 1822 283 1893 pbanus
309 1826 452 1901 Bnluzlus,
478 1845 506 1892 et
533 1838 675 1900 Gisbertus
702 1845 823 1917 Cuperus
846 1853 975 1908 nonnulla
1027 1868 1091 1916 ante
1105 1863 1177 1921 diem
1192 1878 1334 1943 septimam
1350 1880 1525 1948 kalendarum
1539 1901 1671 1969 spritium
1686 1927 1696 1961 ι
1711 1911 1748 1980 (in
1763 1915 1830 1973 duo-

173 1913 269 1976 Cecilii
289 1925 377 1980 nostri
395 1927 456 1986 loca
479 1934 625 1992 emendare
652 1947 700 1994 aut
726 1940 865 2001 illustrare
887 1951 976 2001 tema-
1025 1949 1164 2056 buarius.
1190 1963 1272 2034 reqtts
1295 1972 1509 2057 summioribus,
1535 1999 1563 2063 et
1583 1992 1644 2051 aliis
1667 2002 1828 2070 quibusdam

171 2017 283 2065 verunt.

170 2288 283 2349 eabunt.
302 2294 374 2354 Nibil
392 2315 460 2373 erqo
473 2319 588 2364 neeesse
609 2319 652 2367 est
676 2323 705 2368 ut
729 2326 871 2388 nostrum,
900 2321 972 2392 quod
1023 2329 1052 2376 et
1065 2322 1100 2380 ab
1113 2341 1167 2384 uno
1181 2332 1278 2390 codem

170 2380 221 2436 vix
245 2399 370 2457 umquam
385 2391 445 2449 sine
466 2395 580 2471 alicujus
604 2400 755 2463 ollrnsione
776 2406 843 2466 lerri
865 2423 971 2484 potest,
1022 2411 1101 2472 dam.

170 2471 380 2547 interponamus
392 2486 536 2556 judicium.
551 2492 692 2552 Neminem
716 2515 781 2556 vero
804 2517 866 2560 esse
896 2519 972 2574 puta·
1058 2504 1169 2567 Certum
1182 2516 1291 2583 quidem
1306 2534 1348 2580 est
1360 2532 1484 2602 acpianc
1503 2542 1674 2605 manilestum
1697 2557 1824 2618 eumdem

170 2580 246 2636 mus,
266 2573 311 2642 qul
334 2589 387 2631 nou
407 2593 536 2652 agnoscat
551 2600 612 2656 quur
625 2598 779 2662 quantaque
798 2594 897 2651 luerint
910 2597 971 2653 illo-
1021 2610 1039 2652 ι
1053 2597 1195 2663 Lactantio
1207 2616 1237 2664 et
1247 2611 1350 2673 Cecilio
1359 2633 1454 2681 nostro
1466 2627 1604 2703 designari
1616 2644 1713 2699 mortis
1723 2648 1826 2710 Christi

169 2672 235 2714 rum
254 2661 281 2717 iu
304 2663 372 2724 locis
382 2674 500 2730 auctoris
514 2678 600 2735 nostri
612 2681 816 2742 obscurioribus
830 2690 969 2757 explicaro·
1021 2703 1123 2748 aunum
1135 2698 1188 2755 sub
1198 2699 1305 2763 duobus
1318 2708 1458 2786 Geminis,
1479 2721 1505 2778 id
1528 2735 1589 2797 est,
1605 2731 1637 2789 l..
1664 2735 1747 2798 Fusio
1771 2743 1824 2803 Ge·

170 2747 227 2818 dis,
237 2765 282 2810 aut
296 2761 429 2830 corruptis
443 2767 619 2827 emendandis
632 2774 760 2843 eruditio,
785 2782 928 2852 sagacitas,
943 2794 971 2842 et
1022 2781 1154 2852 1111110,οι
1174 2790 1206 2847 l..
1222 2794 1350 2857 Rubellio
1371 2804 1486 2867 Gernlno
1501 2822 1670 2886 consulibus.
1687 2832 1740 2890 Sed
1763 2836 1824 2897 ιιι

169 2843 321 2918 ingenium.
344 2855 381 2909 At
392 2857 481 2916 nullus
503 2863 584 2919 etiam
610 2865 769 2928 dillrtebitnr
790 2875 920 2945 quasdam
935 2892 970 2935 ex
1021 2887 1075 2930 ¹¹⁰⁰
1088 2878 1232 2951 Singularis
1245 2887 1295 2947 luit
1309 2892 1441 2957 bactamii
1453 2914 1480 2960 et
1493 2906 1587 2969 cecilii

169 2937 216 2996 bis
229 2944 299 2999 notis
310 2945 423 3005 minoris
433 2965 496 3009 esse
514 2959 655 3027 momenti,
670 2969 752 3034 atquc
766 2969 970 3034 grammaticam

1280 2354 1333 2408 que
1347 2355 1458 2407 auctme
1471 2355 1602 2429 scriptum
1628 2364 1713 2428 luisse
1735 2386 1827 2434 osteu-

1600 2920 1710 2994 opinio,
1725 2942 1822 2989 verum

1020 2966 1101 3025 etiam
1117 2970 1289 3048 Tertulliani,
1302 2995 1331 3042 ut
1344 3004 1424 3062 supra
1438 2996 1695 3083 demonstravimus,
1711 3029 1739 3075 et
1753 3021 1823 3080 alio-

169 3031 252 3102 ΜΕ
265 3039 362 3111 Μὴ,
381 3056 462 3113 ΜΠ
483 3060 532 3116 W
551 3059 807 3124 0m1,890012„m3
821 3058 889 3116 „153⁸
902 3076 970 3120 „ew
1019 3062 1211 3132 complurium
1233 3078 1416 3149 antiquiorum
1435 3087 1565 3153 Ecclesiae
1586 3098 1717 3178 Petrum,
1741 3114 1823 3176 sicuti

167 3125 342 3199 prolixiores,
366 3132 393 3187 io
417 3136 515 3206 quibus
542 3154 636 3199 earum
657 3154 783 3205 auctores
812 3151 848 3207 ab
872 3152 1006 3225 ceciliic
1022 3166 1117 3214 omues
1131 3159 1259 3224 latentur.

169 3220 310 3289 proposito
324 3222 432 3297 longius
443 3228 642 3304 digrediuntur,
662 3247 709 3294 aut
721 3249 798 3297 extra
811 3244 899 3301 aleam
921 3262 969 3318 pe-

168 3309 244 3366 nitus
256 3326 444 3388 excurrentes,
464 3321 538 3378 aliud
551 3327 662 3384 omnino
683 3340 777 3400 agunt,
801 3348 880 3404 qnam
894 3337 968 3409 qood

166 3399 205 3456 ad
220 3407 339 3464 auctoris
360 3410 403 3467 sui
422 3411 591 3485 institutum,
610 3419 654 3476 vel
671 3423 879 3494 explicationem
905 3445 968 3501 pos·
1018 3436 1230 3506 poribuslt'berii
1245 3448 1365 3509 (ἕωιιιιι
1380 3457 1410 3514 Si
1434 3464 1506 3519 enirn
1520 3468 1578 3526 ιιι

167 3493 206 3550 ιιι
221 3499 355 3558 tantillum
376 3505 538 3565 conducere.
553 3510 648 3568 Nullus
668 3529 749 3585 porro
777 3519 906 3578 audacior
919 3523 968 3580 luit
1019 3530 1137 3598 amplius
1160 3537 1240 3593 antris
1262 3540 1368 3613 imperii
1391 3551 1467 3620 ejus,
1490 3563 1599 3616 etcum
1621 3564 1763 3631 Lactantio
1784 3577 1820 3636 de

167 3584 266 3658 Tullio,
296 3596 342 3664 qui
365 3598 465 3667 passim
493 3611 632 3659 auctorem
660 3619 783 3665 nostrum
803 3614 906 3670 erroris
928 3624 968 3670 te-
1017 3632 1090 3676 anno
1112 3628 1190 3697 regni
1213 3630 1296 3701 ipsius
1322 3636 1429 3698 decimu
1459 3647 1557 3718 quinto
1583 3653 1703 3730 dixerit,
1727 3667 1818 3727 miuus

165 3696 243 3739 mere
253 3687 351 3757 arguit,
371 3697 452 3762 atque
473 3693 574 3753 ideirco
587 3712 602 3752 a
627 3698 753 3771 uauuno,
767 3707 875 3766 tametsi
889 3708 965 3779 ejus·
1017 3723 1091 3769 recte
1105 3722 1134 3771 et
1145 3727 1239 3775 contra
1249 3722 1383 3786 Lactantii
1396 3746 1500 3793 morem
1515 3739 1644 3813 loquitur.
1657 3751 1733 3812 'luuc
1743 3761 1817 3820 enim

165 3771 229 3829 dem
245 3785 336 3847 sectae,
351 3782 472 3840 melioris
486 3794 575 3842 tamen
592 3788 656 3846 lidel
675 3791 743 3858 rlro,
765 3809 838 3867 saepe
858 3813 891 3854 ac
904 3799 966 3870 jure
1016 3801 1160 3876 Tiberius,
1177 3814 1224 3882 qui
1237 3832 1343 3884 septem
1355 3835 1402 3881 aut
1423 3840 1486 3887 octo
1507 3850 1594 3896 aornos
1609 3855 1703 3912 postea
1715 3866 1816 3925 requa-

165 3866 275 3936 quqqem
286 3872 384 3930 merito
401 3877 518 3947 vapulat.
533 3878 573 3936 Eo
588 3892 677 3939 autem
691 3886 776 3956 magis
787 3886 965 3960 improbanda
1015 3898 1070 3964 vit,
1083 3904 1231 3964 secundam
1247 3916 1352 3970 tautum
1375 3919 1482 3993 imperii
1505 3929 1547 3985 sui
1563 3943 1665 4000 partem
1689 3947 1816 4015 expleve-

164 3969 209 4016 est
225 3961 305 4020 'lollii
319 3969 467 4037 temeritas,
478 3988 533 4044 quo
547 3976 632 4048 magis
644 3977 761 4050 ingenue
781 3981 901 4041 declarat
915 4001 964 4043 no·
1015 4000 1068 4045 rat.
1082 3990 1145 4049 liure
1158 4012 1223 4070 erqo
1236 3999 1292 4060 dici
1306 4023 1359 4062 nnn
1375 4025 1491 4081 possunt
1503 4027 1626 4082 'extrema
1650 4030 1723 4090 illius
1744 4044 1815 4096 tem·

164 4061 208 4109 tas
217 4069 281 4112 suas
292 4073 371 4129 opera
383 4077 438 4119 erre
448 4067 627 4139 tumultuatio,
641 4074 748 4143 raptim,
761 4076 963 4150 stariquetibrr‘s
1013 4095 1090 4151 pura.
1107 4084 1135 4142 st
1150 4104 1214 4148 vero
1226 4090 1343 4154 Cecilim
1358 4100 1411 4158 illis
1427 4109 1518 4165 uerbis
1531 4126 1631 4172 arturum
1654 4120 1814 4195 imperantis

162 4143 192 4200 tn
208 4149 320 4219 qratiam
333 4152 481 4228 ttttlopoto
494 4158 601 4218 breuiter
620 4166 776 4238 conamiptu.
1012 4170 1114 4233 Tiberii
1127 4181 1261 4243 decimum
1283 4200 1409 4252 octarmn
1430 4197 1573 4272 desiqnm,
1599 4212 1680 4280 paulo
1701 4220 1812 4290 quidem

472 4273 587 4334 CAPUT
605 4277 650 4339 tv.
1011 4271 1099 4341 aptius
1114 4273 1250 4348 loquetur,
1266 4282 1315 4340 sed
1327 4287 1362 4342 ab
1374 4288 1509 4352 Lactarrtii
1522 4300 1669 4376 opinione,
1693 4324 1710 4366 a
1730 4316 1811 4376 ηοω.

162 4370 248 4431 more
268 4375 295 4432 in
319 4378 387 4436 banc
408 4384 502 4440 librum
522 4399 591 4446 notre
611 4401 636 4446 et
658 4396 909 4473 animaduersiones,
930 4421 961 4461 uc
1010 4361 1073 4419 mibi
1085 4368 1234 4438 ‘mum‘
1249 4374 1453 4443 ”¹³⁰⁰Wn·

256 4469 262 4479 .
405 4474 453 4489 ..
576 4483 582 4494 .
648 4488 654 4501 ,
767 4490 811 4505 ..
862 4494 868 4507 .
1048 4456 1182 4516 Praeterea
1195 4463 1283 4522 eidem
1299 4468 1440 4532 Lactantio
1452 4481 1592 4545 adversari
1613 4492 1703 4555 adbuc
1716 4502 1811 4564 videu-

221 4483 333 4538 ΨΜ
346 4472 378 4528 α’
391 4473 494 4533 “⁰⁸³⁰
505 4477 617 4539 ”mm
629 4500 735 4558 ‘W‘
746 4490 890 4563 ‘imum'
971 4554 1057 4617 Dtur
1068 4550 1258 4626 subsequentia
1272 4560 1365 4621 Cecilii
1379 4573 1460 4628 rerba
1474 4591 1481 4629 :
1509 4576 1573 4637 l’ort
1595 4585 1663 4643 dieto
1681 4594 1808 4658 decimum

419 4608 566 4655 *lilium
585 4615 691 4659 ‘mils-
1011 4639 1134 4698 dolendus
1147 4646 1256 4720 Aprilis.
1268 4651 1426 4719 Lactantius
1439 4667 1511 4725 enim
1526 4676 1653 4748 scripsit:
1668 4685 1734 4744 Ante
1743 4692 1811 4750 ἀιιιι

161 4694 353 4768 expenduntur
362 4722 407 4778 eu,
422 4726 481 4780 que
493 4709 604 4770 Cecilius
626 4718 732 4774 tradidit
756 4719 788 4776 de
808 4733 923 4797 teutpore
936 4736 960 4784 et
1011 4736 1166 4808 septimum,
1180 4742 1223 4798 vel
1231 4743 1310 4815 juxta
1324 4755 1457 4820 quosdam
1468 4764 1579 4824 codices
1591 4785 1606 4826 a
1622 4776 1700 4835 nobis
1713 4782 1811 4844 citatos

197 4808 266 4848 anno
295 4796 386 4866 quibua
421 4800 537 4866 Gloriatur
561 4805 688 4866 Dominus
718 4823 836 4869 mortuus
860 4828 913 4886 ert,
935 4828 960 4876 et
1012 4825 1140 4884 decimum
1154 4831 1278 4893 dolendas
1292 4843 1401 4916 Aprilis.

196 4896 284 4943 uuum
296 4892 367 4949 illius
380 4897 468 4954 eudem
481 4917 513 4955 ac
527 4898 657 4961 [instantii
676 4924 706 4962 eu
718 4909 751 4964 dc
768 4927 797 4966 re
810 4914 888 4986 puerit
899 4932 959 4973 ren·
1013 4922 1098 4978 tendit
1114 4934 1228 4999 utroque
1242 4932 1368 5002 loquendi

196 4981 286 5036 tentio.
1011 5007 1127 5069 Romani
1139 5058 1147 5082 ,
1159 5018 1245 5089 inquit
1261 5024 1325 5091 ille,
1339 5041 1393 5083 non
1408 5032 1532 5092 solebant
1544 5042 1660 5102 dicendo
1675 5065 1736 5123 post
1756 5059 1808 5118 kq.

194 5069 281 5130 'lotus
294 5077 338 5135 bic
351 5077 421 5138 liber
434 5098 494 5140 curu
512 5085 659 5145 historicus
671 5091 706 5146 sit
716 5134 723 5160 ,
735 5095 795 5164 ejus
808 5107 903 5156 auctor
914 5114 959 5156 or·
1011 5100 1105 5158 leodos
1116 5144 1125 5173 ,
1138 5122 1187 5162 cos
1199 5110 1255 5165 dies
1269 5117 1421 5188 appellare,
1434 5127 1479 5193 qui
1491 5128 1552 5186 illos
1561 5136 1807 5227 subsequebantur,

157 5160 249 5220 dinem
266 5176 417 5241 temporum
431 5175 457 5231 in
473 5191 506 5232 eo
519 5193 549 5234 se
562 5180 638 5252 sequi
652 5179 724 5238 baud
737 5190 820 5242 semel
845 5191 957 5259 prottte-
1011 5197 1060 5254 sed
1073 5199 1118 5269 qui
1130 5205 1336 5263 antecedebant.
1354 5212 1454 5273 Deinde
1477 5233 1591 5297 utroque
1612 5233 1659 5288 illo
1673 5245 1810 5309 scribendi

158 5264 203 5312 tur
216 5257 285 5331 (cop.
298 5261 337 5335 9).
354 5265 506 5337 Aliquando
529 5279 637 5342 umen,
652 5275 724 5347 quud
747 5288 775 5336 et
796 5282 857 5339 aliis
871 5283 958 5341 bisto-
1010 5305 1110 5361 genere
1124 5300 1187 5349 aute
1206 5306 1233 5352 ct
1256 5309 1315 5368 post
1330 5301 1461 5365 kalendas

156 5351 260 5410 riarum
274 5358 453 5430 scriptoribus
472 5380 521 5420 usu
535 5367 629 5425 venire
650 5370 740 5440 solet,
762 5375 798 5430 ab
821 5390 854 5430 eo
868 5377 957 5435 disce·
1010 5384 1104 5454 qrrari,
1126 5397 1200 5455 putat
1223 5393 1331 5459 probari
1355 5411 1434 5465 posse
1457 5402 1498 5460 bis
1520 5407 1594 5466 Pauli
1617 5414 1810 5490 iurisconsulti

157 5443 197 5500 dit
211 5444 223 5519 (
231 5466 289 5522 cop.
305 5451 322 5507 ll
337 5463 359 5507 et
375 5456 405 5511 tt
419 5456 430 5527 )
442 5498 451 5525 ,
465 5459 512 5514 sed
529 5475 582 5515 unu
596 5470 699 5518 tantum
716 5465 744 5519 iu
759 5467 820 5522 loco
833 5484 892 5526 sue
906 5486 956 5529 uos
1010 5477 1101 5532 verbis
1116 5495 1123 5531 ε
1142 5497 1151 5530 r
1170 5483 1321 5541 antriculus
1341 5498 1464 5548 extremo
1484 5502 1547 5556 anni
1562 5504 1607 5561 die
1628 5516 1743 5573 trtoritur
1757 5538 1765 5575 ε
1780 5534 1810 5581 et

154 5538 284 5600 admonet
305 5544 483 5617 digressionis
506 5551 575 5626 (cup.
601 5555 658 5629 ll).
686 5555 792 5614 Nostris
814 5559 905 5632 itaque
928 5565 956 5620 iu
1008 5573 1178 5630 cousuetudo
1191 5573 1320 5648 loquendi
1335 5581 1362 5640 ld
1375 5584 1411 5640 ita
1426 5602 1489 5647 esse
1502 5593 1631 5656 declarat.
1653 5606 1725 5667 Ante
1735 5613 1807 5674 diem

153 5634 228 5691 uotis
242 5635 398 5697 insistemus
420 5642 448 5698 iu
471 5644 554 5716 ipsius
576 5647 715 5720 vestigiis3
738 5650 775 5706 ita
791 5660 902 5721 umen,
926 5664 957 5714 ut
1008 5661 1143 5720 decimum
1158 5665 1243 5724 :Post
1261 5669 1334 5729 diem
1349 5674 1484 5738 decimum
1509 5683 1810 5780 attendendumque

153 5741 218 5799 que
231 5729 277 5790 ille
288 5733 369 5792 turbs
381 5736 408 5792 io
422 5737 490 5794 locis
502 5738 539 5797 de
549 5738 731 5816 christianis,
745 5752 773 5805 et
785 5743 820 5807 de
832 5761 955 5821 unoquo·
1007 5758 1069 5810 utro
1090 5755 1163 5815 enim
1187 5771 1314 5822 sermone
1342 5768 1467 5829 undecim
1490 5776 1549 5834 dies
1572 5785 1767 5856 significantur.
1797 5824 1807 5857 ι

401 5830 539 5895 Puram.
561 5825 631 5898 tm.
1517 5870 1570 5954 28]

1058 3249 1186 3312 ileruma
1210 3258 1343 3323 Lactantii
1369 3281 1416 3328 aut
1439 3275 1592 3354 locutione,
1618 3303 1666 3348 aut
1691 3299 1821 3369 opinione

1020 3354 1132 3409 prorsus
1142 3349 1231 3408 aliena
1243 3368 1308 3414 sunt
1322 3360 1382 3421 bec
1391 3363 1484 3426 Cecilii
1498 3377 1581 3435 rerba
1597 3382 1746 3447 alistrensis
1756 3405 1820 3453 tent-

1603 3476 1650 3533 ille
1675 3481 1710 3537 de
1732 3485 1769 3540 22
1791 3497 1821 3545 et

1424 4852 1460 4907 At
1483 4854 1609 4918 baluzius
1632 4876 1722 4929 umen
1744 4892 1812 4936 con·

1484 5327 1565 5372 unmn
1589 5320 1715 5399 idemque
1736 5336 1810 5394 desi·
