4142 6184
305 227 374 294 sits.
905 237 910 244 ·
1025 212 1070 269 Lli
1090 209 1241 270 nonunt.
1869 221 1914 280 qqq

304 350 413 415 eponte
426 335 625 398 deturnarurin
649 330 778 393 Tiberim.
807 329 898 390 Victor
922 340 1013 388 autem
1030 328 1143 391 Coo-A
1160 342 1238 396 tero,
1264 339 1325 397 qus
1346 318 1542 382 Candidianum
1563 334 1661 395 secuta,
1689 339 1745 398 post
1765 346 1846 390 necem
1868 338 1915 407 eius

305 424 1102 495 stannnnstnurbettonacumsummalextttaexceptns,
1156 418 1270 489 ingerat,
1295 416 1497 476 Thessalonica·
1509 415 1616 474 tandem
1639 423 1829 492 comprehensa,
1843 430 1916 498 capite

306 531 385 588 titulo
399 527 478 601 primi
493 523 611 584 nominis
624 538 640 580 a
664 522 767 580 Senatu
790 519 943 577 decoratur.
970 516 1008 574 dt
1020 515 1105 572 Maxi·
1156 523 1219 566 cnm
1233 516 1319 566 matre
1333 524 1382 568 sua
1395 508 1431 567 ob
1444 508 1600 583 pudicitiam
1614 518 1642 567 et
1665 512 1834 572 conditionem
1854 519 1916 589 plexa

305 623 406 690 minus,
422 619 465 676 his
476 617 528 675 etsi
542 629 649 675 summo
663 628 718 671 non
732 613 793 670 sinc
807 609 901 668 dolore
913 607 1023 674 auditis,
1047 621 1105 662 non
1157 610 1210 658 est.

305 710 562 789 potnitaconriciis
581 709 705 782 jocisque
729 705 812 779 plane
833 699 1031 774 intempestivis
1044 699 1106 755 abs·
1193 693 1238 750 52.
1258 692 1344 750 Porro
1364 702 1454 752 autem
1475 693 1592 752 docilius
1605 694 1820 765 proiitetnrseea
1832 703 1916 773 omnia,

307 809 405 866 gnere,
1156 787 1236 844 sicuti
1245 796 1320 859 gesta
1333 796 1406 856 sunt,
1423 787 1565 845 mandasse
1581 787 1692 858 litteris,
1718 805 1750 847 ne
1763 790 1873 853 interiret
1881 812 1918 854 eo·

342 901 459 957 lb-i'l.
480 896 674 954 Constantinus
688 903 778 949 autem
792 906 836 949 res
860 891 888 946 in
909 888 983 946 Urbe
995 899 1106 955 compo
1157 895 1219 937 rum
1237 881 1390 954 memoria,
1413 889 1460 937 aut
1480 881 1516 938 ab
1540 880 1601 936 aliis
1620 880 1744 955 deinceps
1766 883 1919 957 scriptoribus

307 998 373 1061 suit,
389 994 516 1062 venitque
528 990 721 1048 Mediolanum.
734 986 773 1042 lbi
787 984 853 1041 dum
866 982 967 1038 sororis
976 995 1032 1036 snm
1044 993 1105 1035 cnm
1164 974 1264 1028 teritos
1278 983 1507 1045 corrumperetur.
1531 973 1599 1030 'lum
1613 990 1722 1044 omnes,
1742 993 1771 1035 ac
1789 981 1919 1039 nominatim

306 1088 412 1146 Licinio
425 1087 526 1158 nuptie
538 1083 748 1145 conticerentur,
772 1076 938 1133 Maximinus
955 1072 1105 1130 exercitum
1163 1064 1295 1121 Donatum
1310 1063 1478 1134 adhortatur,
1488 1074 1519 1122 ut
1532 1073 1656 1132 mtcruas,
1672 1078 1776 1138 propter
1787 1071 1920 1144 exstirpatus

307 1197 386 1238 suum
401 1177 565 1250 rxsyrtrin
585 1172 752 1245 Bithyniam,
777 1169 907 1226 sarriente
928 1168 1033 1238 hyeme,
1060 1162 1107 1219 de·
1159 1155 1367 1214 oltristianorum
1390 1168 1588 1229 persecutores,
1617 1167 1644 1214 et
1667 1159 1790 1216 redditam
1817 1162 1920 1222 Bccteie

306 1274 395 1341 duxit,
409 1272 456 1328 sed
471 1283 580 1341 prorsus
594 1266 735 1324 debilitato
747 1264 865 1333 agmine.
896 1261 1006 1318 Fretum
1023 1257 1106 1312 nihil·
1163 1267 1268 1323 pacem,
1283 1262 1364 1324 agant
1379 1253 1433 1309 [leo
1446 1255 1555 1325 gratias,
1571 1267 1838 1327 euntqueprecentur,
1851 1258 1921 1314 utho

305 1371 414 1426 ontiuns
438 1366 552 1437 trajecit,
576 1372 605 1420 et
620 1361 725 1433 redegit
746 1359 773 1415 in
794 1358 923 1414 ditionem
950 1354 1107 1427 Byzantium
1163 1354 1254 1402 rentes
1267 1344 1405 1403 Ecclesiae
1419 1335 1797 1420 perpetua'quietecnstottn.

306 1470 369 1534 post
380 1458 506 1517 undecim
520 1454 669 1514 obsidionis
683 1452 751 1520 dies,
772 1466 804 1506 ac
829 1449 908 1521 paulo
935 1454 997 1519 post
1021 1444 1108 1502 llera·

308 1555 406 1610 clcam.
436 1550 560 1607 decurrit
583 1555 673 1602 autem
696 1544 827 1609 Licinius,
853 1551 880 1600 ct
904 1539 1107 1611 nurianopottm

305 1655 529 1719 pretergressus,
559 1640 666 1697 obviant
681 1637 721 1694 illi
734 1639 817 1703 uenit,
844 1634 993 1706 imparibus
1012 1640 1104 1689 tamen
1160 1611 1290 1688 ”editui
1306 1612 1365 1669 mlii
1379 1617 1553 1688 miluim'i’w
1573 1615 1668 1684 ⁶⁰³⁵&
1694 1633 1767 1688 mont
1787 1618 1921 1690 imperiectio

306 1739 402 1811 copiis.
431 1737 522 1804 ltaque
537 1733 666 1797 loturum,
683 1745 767 1801 prope
777 1729 860 1790 diem,
891 1726 1015 1797 prmllum
1045 1724 1147 1786 cumB
1196 1705 1479 1777 medenantense
1503 1705 1607 1762 filim
1628 1708 1712 1762 ΨΜ
1734 1708 1823 1780 ⁸⁸9⁸oe
1842 1712 1920 1780 penites

305 1837 430 1888 cerneret
442 1827 613 1891 Maximinus,
630 1832 720 1879 uotum
737 1821 770 1877 de
785 1819 950 1886 christianis,
972 1816 996 1873 si
1020 1817 1107 1873 uictor
1195 1798 1287 1868 filim
1299 1807 1444 1871 imiimi·

305 1933 389 1990 esset,
415 1918 618 1993 exstinguendis
641 1917 700 1972 litui
726 1931 777 1971 suo
800 1916 885 1971 notit.
908 1909 1027 1968 Licinius
1040 1926 1105 1967 uero
1215 1912 1309 1985 lniqua
1324 1913 1402 1985 plane
1415 1913 1466 1971 luit
1479 1913 1559 1987 hujus
1572 1915 1669 1983 libelli,
1696 1916 1771 1973 sicuti
1791 1926 1815 1974 et
1831 1918 1923 1975 aliorum

304 2020 428 2090 proxima
444 2023 506 2070 ante
522 2026 638 2085 pugnam
661 2017 742 2066 nocte
763 2008 916 2077 quiescens,
944 2003 978 2059 ab
1001 2002 1105 2072 hogelo
1156 2003 1425 2074 quamplurimorum
1440 2004 1555 2062 iortuna'.
1579 2006 1634 2063 Per
1649 2007 1759 2078 piurima
1771 2008 1837 2065 enim
1845 2009 1922 2064 secula

304 2111 399 2168 didicit
415 2121 532 2180 precem,
546 2119 599 2175 qua
613 2103 692 2167 lacta,
707 2094 1010 2155 hostesriuceret.'l'um
1016 2093 1104 2151 Maxi·
1157 2095 1184 2152 in
1196 2096 1427 2154 bibliothecarum
1442 2099 1548 2169 angulis
1561 2100 1694 2171 sepultus,
1721 2102 1861 2173 neminique
1875 2117 1923 2173 cog·

303 2205 395 2258 minus
409 2210 497 2256 castra
512 2196 606 2264 morit,
634 2210 666 2250 ac
692 2192 833 2256 Licinium,
858 2205 919 2244 cnm
942 2202 996 2258 qno
1020 2186 1104 2243 collo
1156 2191 1240 2257 nitus,
1254 2206 1315 2247 cnm
1330 2191 1421 2250 blattis
1435 2201 1462 2248 et
1483 2193 1565 2249 titteis
1591 2194 1709 2251 luctatus
1727 2205 1775 2250 est.
1800 2194 1847 2252 Sed
1868 2209 1924 2251 anno

305 2306 385 2352 cutus
405 2301 481 2358 erat,
504 2293 683 2357 aspernatus,
709 2281 742 2338 sd
765 2280 939 2354 lincolniensi
958 2292 1103 2348 numquam
1157 2286 1264 2342 tandem
1279 2285 1349 2342 tort
1362 2287 1405 2343 tir
1427 2287 1596 2345 clarissimus
1623 2289 1656 2346 B.
1681 2288 1813 2356 Foucault,
1837 2299 1883 2344 tum
1903 2289 1923 2344 in

304 2386 401 2459 potuit.
415 2384 506 2440 Pridie
525 2380 607 2453 igitur
623 2376 753 2434 ltaleodas
770 2373 831 2429 Maii
852 2373 885 2427 ad
906 2386 1002 2427 manus
1021 2385 1105 2426 rene-
1155 2379 1298 2450 Aquitania
1310 2379 1401 2451 regius
1415 2390 1545 2453 (111aequ
1573 2379 1721 2438 „qnqqqrq
1739 2379 1828 2439 comes
1846 2378 1923 2438 cong.

303 2486 425 2545 runt,ac
440 2475 540 2530 milites
554 2469 684 2528 Liciniani
700 2468 899 2538 primoimpetu
922 2461 1049 2518 inuadunt
1076 2461 1103 2515 5¹¹
1155 2475 1302 2541 storianus,
1331 2478 1543 2548 manuscriptum
1570 2476 1645 2534 illins
1669 2478 1785 2535 codicem
1805 2478 1922 2534 invenitis

303 2570 408 2626 hostes.
424 2567 479 2623 Nec
498 2565 588 2619 minor
600 2562 635 2618 ab
653 2560 694 2617 eis
713 2559 741 2616 in
762 2559 906 2629 ipsummet
919 2553 1101 2638 Maximinum,
1155 2563 1339 2622 Muissisocnsi
1353 2566 1416 2623 olim
1429 2568 1533 2624 ordinis
1547 2571 1636 2626 sancti
1652 2570 1787 2627 Benedicti
1810 2580 1920 2626 momste·
2003 2539 2004 2616 ζ

302 2661 474 2732 precibusne
487 2654 639 2713 donisillus
661 2651 863 2715 sollicitantem,
881 2648 909 2701 lit
924 2647 1051 2717 impetus,
1067 2644 1104 2700 is·
1156 2657 1207 2724 ἥρ,
1223 2673 1272 2714 seu
1285 2658 1681 2732 sanctissimumsanetissimum,
1695 2663 1918 2736 quaequqpqqfq.

302 2772 355 2828 qus
366 2755 399 2811 sd
411 2769 476 2811 suos
495 2750 620 2822 reingere
632 2748 745 2818 cogitur.
769 2743 879 2800 interim
890 2742 961 2798 ocios
976 2741 1034 2812 eius
1050 2755 1104 2796 αθ·
1155 2750 1206 2808 bus
1217 2753 1297 2808 attuis
1311 2767 1327 2808 a
1339 2754 1488 2823 canonicis,
1519 2756 1646 2823 utaiunt,
1668 2756 1832 2814 secularibus
1852 2755 1926 2811 incoli·

302 2849 375 2936 ditur
389 2849 509 2918 leupone,
523 2860 555 2899 oc
565 2855 628 2915 pars
640 2854 693 2896 ⁰¹¹³
709 2837 843 2898 exereitus
856 2842 1001 2906 millitia·
1022 2841 1104 2903 atque
1156 2853 1210 2901 tur.
1232 2843 1310 2902 Nulla
1321 2860 1395 2913 vero,
1412 2848 1454 2904 tir
1465 2848 1581 2905 eximius
1592 2850 1754 2921 interposita
1768 2866 1845 2915 mora,
1865 2849 1923 2904 illum

301 2944 387 3000 altera
405 2943 430 2997 in
445 2941 533 3011 iungam
548 2950 626 2994 uersa
641 2944 693 2991 est.
723 2932 814 2988 Victus
827 2932 916 3000 itaque
929 2926 1102 2993 Maximinus,
1155 2935 1276 3007 aliosque
1291 2938 1444 3007 complures
1457 2939 1495 2995 ibi
1509 2950 1644 3012 repertos,
1668 2942 1811 2998 transmisit
1835 2940 1863 2997 ad
1880 2939 1925 2995 ille

301 3035 400 3106 abjecit
413 3033 529 3104 regalem
548 3041 707 3102 purpuram,
723 3040 756 3080 ac
769 3033 876 3094 sumpta
900 3020 992 3079 seruili
1015 3025 1100 3088 reste,
1155 3027 1318 3082 strissimum
1332 3028 1419 3085 tirum
1431 3028 1563 3088 ioannem
1577 3030 1735 3090 Colbertum
1755 3031 1924 3105 reguiadmiui·

300 3124 486 3183 Nicomediam
496 3121 626 3178 citissime
640 3115 769 3187 consurgit.
799 3113 864 3171 lnde
890 3128 974 3171 uxore
996 3111 1139 3178 liberis-c
1155 3119 1311 3190 surum‚qu
1324 3136 1371 3190 pm
1391 3134 1498 3177 summo
1522 3138 1572 3178 suo
1595 3124 1623 3179 q„
1648 3126 1752 3182 quem
1773 3123 1852 3181 supp,
1870 3122 1924 3177 quq,

301 3210 681 3288 quaerensquaerens,
696 3223 759 3264 cnm
775 3201 1105 3277 pauctsronnoussrenu
1155 3225 1217 3269 cum
1231 3212 1683 3291 sorsnitarqueconquestusqnssn
1696 3220 1723 3274 tn
1735 3215 1924 3275 sustinentes

301 3310 492 3375 induentem,
507 3323 539 3365 ac
551 3304 672 3363 collectis
686 3320 720 3361 ex
734 3302 795 3374 iuga
811 3301 961 3367 militibus,
983 3299 1104 3356 substitit
1155 3304 1261 3376 reponi.
1287 3305 1380 3361 Paruit
1404 3308 1494 3380 itaque
1508 3307 1672 3365 nobilissimi
1687 3312 1736 3367 riri
1751 3310 1869 3366 mandatis
1880 3307 1925 3364 stc·

301 3406 329 3460 in
344 3403 531 3475 Cappadocia,
543 3402 588 3457 nbi
602 3400 749 3470 resumpsit
765 3413 922 3471 purpuram.
1153 3395 1261 3468 phanus
1273 3396 1409 3465 Buluzius,
1425 3401 1471 3470 qui
1486 3410 1543 3457 turn
1553 3400 1697 3458 ditissime
1721 3404 1760 3459 illi
1782 3401 1923 3458 bibliothece
2002 3427 2003 3450 ι

336 3499 382 3556 48.
399 3498 494 3554 Paucis
508 3505 598 3552 autem
614 3502 675 3567 post
700 3493 769 3550 hanc
792 3507 907 3564 pugnam
919 3488 1016 3547 dicbus
1028 3488 1103 3546 Lici·
1156 3492 1923 3564 preerat,auocaunosnbseqnemeturs,iuncosu-
2001 3461 2003 3534 f

302 3597 365 3652 nius
384 3593 533 3650 exercitum
554 3605 633 3646 sunm
656 3587 801 3659 trajecerat
811 3586 838 3642 in
851 3584 1016 3657 Bithyniam.
1043 3581 1104 3653 lpse
1155 3578 1222 3633 tibur
1230 3589 1419 3651 persecutorem
1433 3580 1532 3638 librum
1545 3597 1579 3642 ex
1591 3584 1639 3641 illo
1666 3586 1745 3641 unico
1767 3584 1853 3641 codice
1871 3582 1925 3655 typis

301 3702 368 3744 uero
382 3683 564 3742 Nicomediam
592 3682 741 3754 ingressus,
768 3680 867 3751 gratias
892 3677 1009 3749 primum
1033 3673 1102 3740 Beo,
1155 3667 1324 3726 edicttrarit.

300 3781 379 3849 cujus
391 3794 443 3848 ope
453 3780 566 3842 uicerat,
581 3774 682 3842 retulit,
706 3789 739 3831 ac
753 3771 852 3830 deinde
867 3772 957 3829 idibus
969 3770 1041 3827 lunii
1057 3785 1103 3826 so·
1190 3766 1305 3824 Monitos
1316 3780 1406 3827 auteur
1422 3785 1473 3829 nos
1485 3772 1533 3830 ille
1544 3774 1608 3832 lecit
1623 3775 1818 3850 huncceipsnm
1827 3773 1924 3832 mdiceat
2002 3813 2003 3820 ,

302 3869 520 3927 lemueedictum
536 3866 770 3939 proinstauranda
799 3866 930 3936 religione
955 3865 1102 3921 christiana
1153 3863 1800 3938 essequitlcmintegrum,sedmendisinlectum
1810 3867 1920 3944 pluribm
2002 3835 2003 3855 Χ

301 3964 454 4036 proposuit,
478 3960 703 4034 quemadmodum
719 3957 903 4016 lticaGeeilio
918 3968 1012 4014 nostro
1024 3957 1103 4013 exhi·
1152 3965 1270 4023 eumque
1291 3954 1325 4009 ab
1352 3957 1431 4012 antris
1453 3957 1562 4015 circiter
1582 3961 1747 4034 octingentis
1769 3962 1801 4018 ab
1822 3959 1921 4032 inperita

301 4057 391 4112 betur.
403 4055 586 4111 llortatuscst
601 4055 711 4122 insuper
724 4050 1099 4107 ntchristiauorumconven·
1154 4045 1367 4117 mnttttscriptnm
1381 4047 1477 4105 rideri.
1504 4047 1558 4107 Sed
1579 4052 1644 4121 quia
1668 4053 1758 4124 plures
1781 4051 1851 4109 noris
1870 4049 1924 4105 illins

301 4148 382 4204 sicula
396 4148 539 4219 pristinum
552 4146 758 4201 restituerentur
771 4143 918 4199 instalum.
959 4142 1049 4212 Atque
1065 4142 1101 4197 ita
1153 4137 1317 4194 editionibus
1329 4149 1421 4210 postea
1433 4143 1583 4213 prepositi3
1594 4146 1738 4217 conquesti
1751 4154 1812 4202 suut
1821 4150 1921 4215 negmm

299 4254 354 4309 pax
367 4235 523 4294 christianos
543 4234 672 4292 Ecclesiae
696 4242 758 4306 post
784 4233 877 4290 decem
904 4232 1101 4304 persecutionis
1152 4230 1206 4287 sibi
1229 4229 1312 4288 luisse
1325 4231 1572 4303 eiusdemcodicis,
1594 4239 1638 4293 rel
1651 4238 1845 4311 semelquidem
1859 4235 1925 4305 inspi-

301 4345 399 4396 annos,
412 4341 439 4386 et
451 4343 560 4385 menses
574 4328 677 4399 aliquot
690 4325 796 4383 reddita
810 4324 869 4380 luit.
1152 4319 1244 4377 ciendi
1259 4321 1424 4394 lacttltatem,
1438 4339 1489 4382 nos
1502 4326 1604 4385 idcirco
1616 4328 1702 4386 breve
1721 4331 1791 4389 illius
1801 4329 1923 4402 specimen

338 4424 385 4480 lh.
416 4424 479 4478 Post
498 4424 556 4479 trec
569 4435 634 4477 vero
647 4419 768 4476 Licinius
782 4417 954 4473 Maximinum
969 4431 1002 4472 ex
1017 4417 1100 4473 Tarni
1151 4411 1489 4488 qttoabomnlbuscnjus
1507 4416 1799 4489 lormaectcetatissit,
1820 4432 1925 4492 quosn-

300 4516 401 4571 montis
415 4513 518 4570 lacibus
531 4511 651 4581 expellit,
667 4525 699 4566 ac
713 4510 838 4578 Tarsum,
863 4523 917 4579 quo
930 4509 1098 4581 confugerat,
1113 4503 1207 4571 Dtur,
1234 4507 1346 4577 hujusce
1362 4507 1561 4567 dissertationis
1587 4513 1668 4571 initio
1695 4514 1864 4571 exhibendum
1875 4523 1922 4566 esse

299 4617 372 4663 terra
383 4604 505 4674 marique
518 4602 635 4659 obsidet,
649 4601 771 4657 Territus
792 4600 963 4669 Maximinus,
986 4602 1102 4658 acrelu-
1153 4599 1321 4657 censuimus.
1335 4600 1520 4658 Nobisautem
1540 4603 1626 4673 illius,
1647 4605 1759 4678 iubente
1771 4602 1924 4661 illustrissimo

299 4699 345 4768 gio
358 4695 499 4765 saluteque
509 4707 557 4749 sua
572 4691 734 4762 desperatis,
756 4691 847 4747 hausit
869 4706 1014 4748 vencnum.
1045 4693 1100 4750 Sed
1153 4692 1253 4750 abbate
1267 4691 1404 4761 colberto,
1420 4693 1654 4766 copiaruiecitll.
1670 4696 1783 4754 Caroltn
1797 4686 1923 4753 metere

300 4790 363 4848 cibo
372 4799 400 4844 et
414 4787 478 4843 rino
489 4801 551 4843 cum
568 4786 641 4859 prius
661 4799 723 4842 sese
741 4785 942 4857 ingurgitasset,
971 4801 1020 4856 per
1040 4786 1100 4845 dies
1152 4784 1318 4843 colbertinae
1332 4785 1505 4843 bibliothece
1517 4787 1758 4861 nunopraeiectus,
1773 4782 1923 4844 riromrihus

299 4892 415 4956 quatuor
426 4880 552 4937 maximis
569 4878 781 4951 praecordiorum
792 4875 931 4932 doloribus
946 4875 979 4932 ad
996 4878 1099 4936 rabiem
1153 4877 1248 4949 utique
1271 4892 1326 4934 non
1350 4878 1439 4934 minus
1463 4878 1565 4948 pietate
1578 4895 1660 4951 quam
1676 4882 1795 4938 doctriua
1806 4889 1922 4935 commm-

298 4989 385 5047 usqne
399 4971 528 5045 percitus,
542 4984 574 5027 ac
586 4967 695 5026 Christo
705 4968 803 5024 trustra
817 4967 953 5034 invocato,
967 4979 1097 5025 nocentem
1152 4966 1268 5026 dandus.

297 5067 420 5140 amntem
434 5064 576 5120 detestabili
587 5064 675 5118 mortis
686 5062 887 5135 qenerecqitmit.
1188 5062 1217 5118 ln
1231 5061 1279 5118 illo
1293 5071 1383 5120 autem
1395 5061 1546 5120 colbertini
1565 5063 1670 5121 codicis
1697 5067 1838 5137 specimine
1856 5055 1921 5132 jussi·

333 5157 439 5215 tto-5¹.
453 5154 529 5212 Mune
540 5170 615 5227 crgo,
627 5154 714 5227 inquit
722 5162 817 5211 auctor
826 5163 930 5222 noster,
945 5155 973 5210 iu
985 5155 1096 5213 modum
1150 5168 1213 5210 mus
1230 5154 1433 5212 accuratissime
1448 5155 1545 5212 excudi
1559 5155 1692 5229 integram
1708 5171 1775 5229 pene
1786 5155 1886 5227 primam
1896 5150 1920 5203 il·

298 5250 425 5309 etsdxrcti
438 5258 501 5305 sunt
513 5248 633 5305 uniuersi
645 5245 803 5304 christianae
814 5246 954 5318 religionis
969 5261 1097 5318 persecu-
1149 5245 1205 5304 lius
1218 5247 1355 5319 paginam,
1370 5246 1466 5304 iisdem
1481 5248 1593 5304 omnino
1606 5263 1766 5322 expressam
1792 5245 1877 5305 litteris
1897 5252 1918 5298 rt
1996 5279 2001 5296 .

297 5355 383 5414 tores,
396 5357 511 5416 qnorum
524 5342 600 5399 nulla
612 5354 724 5412 prorsus
736 5354 788 5396 nec
797 5339 891 5411 stirps,
906 5353 956 5395 nec
967 5338 1045 5395 radix
1056 5354 1097 5396 re·
1149 5337 1364 5410 characteribus,
1378 5337 1478 5412 quibus
1491 5347 1564 5397 totus
1585 5341 1644 5412 ipse
1672 5356 1688 5397 a
1711 5340 1796 5397 scriba
1814 5343 1918 5395 exemtus

296 5437 410 5494 mansit.
434 5434 554 5491 Licinius
579 5432 679 5505 quippe
701 5431 849 5498 Valerium,
862 5429 1096 5487 etCandidianum
1149 5442 1204 5492 est.
1236 5431 1303 5501 Quae
1317 5447 1381 5490 rero
1396 5433 1423 5490 in
1450 5434 1569 5490 securrda
1594 5442 1622 5491 et
1648 5434 1726 5506 tertia
1751 5433 1816 5490 linea
1840 5438 1917 5486 cernet

293 5527 430 5585 avaleria
443 5525 609 5595 adoptatum,
634 5523 811 5582 Severianum
823 5521 917 5580 Severi
931 5521 1026 5592 illium,
1051 5533 1094 5580 at·
1149 5527 1262 5594 omissa,
1276 5526 1335 5585 haec
1349 5525 1486 5599 glutinoso
1497 5526 1612 5598 quodam
1626 5541 1740 5597 corpore
1751 5520 1915 5595 superinducto

292 5638 346 5693 que
354 5632 497 5678 octennem
509 5616 648 5673 Maximini
659 5615 754 5684 illium,
767 5616 904 5689 illiamque
913 5616 973 5687 ejus
984 5626 1094 5689 septen·
1149 5616 1242 5675 deleta
1256 5616 1309 5689 legi
1329 5631 1384 5675 nou
1412 5626 1537 5688 possunt.
1567 5617 1710 5674 Breviorcs
1735 5631 1797 5673 sero
1818 5611 1914 5685 ejudem

292 5727 367 5780 nem,
382 5710 550 5770 Candidiano
560 5708 738 5782 desponsam,
748 5706 830 5782 jussit
842 5707 968 5768 interfici.
983 5707 1093 5767 lateris
1148 5709 1255 5784 paginae
1269 5707 1359 5766 hiatus
1372 5708 1438 5765 laeti
1450 5717 1514 5766 suut
1529 5707 1672 5784 putredine
1695 5716 1723 5764 et
1738 5707 1812 5776 tabo,
1836 5698 1912 5776 pho

1467 1516 1615 1559 marculus
1627 1518 1656 1558 ll.
