4142 6184
171 227 221 292 tlt
833 229 937 293 steen
956 229 1001 293 PE
1019 230 1080 295 tlte
1099 232 1167 294 [idi.
1316 230 1320 237 ’
1771 240 1823 305 tls

203 342 285 404 Astrs
299 343 383 403 etiarn
404 353 514 413 estora,
536 346 580 404 vel
603 353 686 414 ortu,
710 346 754 403 sel
779 361 876 407 oecsso
900 363 968 421 suo,
982 347 1051 421 Aet
1068 350 1207 424 copiarum
1239 352 1405 415 abundantia
1428 354 1570 421 bormnon
1583 358 1667 427 tlon
1689 358 1824 423 instruere

167 436 251 496 certis
269 435 437 493 stationibus
460 437 677 509 opportunltates
700 445 850 510 temporum
866 439 970 499 submi·
1022 452 1103 517 etque
1118 458 1218 503 ornare
1230 446 1359 517 voluisse,
1374 446 1410 505 ob
1424 462 1540 523 eantqoc
1554 463 1675 521 causent,
1690 458 1718 507 et
1729 465 1823 519 serem

166 530 295 586 nistrsnt.
309 528 363 587 Sed
379 539 406 587 et
420 530 550 602 navigiis,
565 532 709 603 quominus
722 531 876 591 errabundo
889 547 970 590 cursu
1023 536 1191 605 volucribus,
1212 549 1240 596 et
1253 554 1329 597 mare
1352 541 1483 613 piscibus,
1506 549 1534 599 ct
1554 549 1654 603 terram
1670 541 1824 616 quadrupes

167 638 218 697 per
233 624 396 679 immensum
412 632 552 694 vagentur,
568 623 688 695 regimen
703 623 835 695 praebent,
861 640 922 681 cum
937 639 970 683 es
1025 627 1105 687 dibus
1118 630 1250 704 implevit.
1265 632 1319 690 Sed
1331 631 1486 693 Academici
1498 642 1591 691 contro
1609 635 1714 695 Stoicos
1734 633 1824 699 disses

163 716 219 774 rits
230 716 396 789 gubernator
410 717 576 784 observans,
593 717 627 772 ld
642 725 751 788 P⁰li⁰¹¹l
775 717 902 774 destinati
925 718 969 775 lit·
1021 735 1113 783 rentes
1126 728 1217 785 solent
1230 744 1364 800 querere,
1380 745 1439 797 eur,
1454 731 1477 786 si
1492 729 1565 789 Deus
1575 730 1666 789 omnia
1682 729 1823 803 bominurp

165 813 235 870 toris
271 812 445 884 pervehatur.
482 812 631 869 Ventorum
667 812 763 885 spiritu
797 813 969 869 attrabuntur
1021 832 1104 874 esusn
1118 817 1222 888 lecerit,
1239 821 1321 877 etiarn
1333 821 1417 877 multa
1431 821 1578 888 contraria,
1603 831 1630 877 et
1641 822 1770 891 inimico,
1794 831 1824 879 et

165 904 271 973 nubes,
290 914 320 960 ut
335 915 392 961 sata
409 903 541 961 imbribus
555 905 710 975 irrigentur,
722 904 830 961 utvites
847 905 965 976 loetibus,
1023 908 1149 982 pestilera
1165 909 1243 967 nobis
1257 911 1438 983 reperiantur,
1463 920 1517 969 tam
1538 912 1565 967 in
1586 912 1672 981 mari,
1697 913 1822 982 quadris

164 997 278 1054 srbnsta
287 996 383 1068 pomis
398 995 560 1053 exuberent.
578 997 612 1052 Et
625 995 682 1053 baec
697 1011 746 1069 per
760 997 853 1053 orbem
864 996 967 1053 vicibus
1019 1011 1101 1059 terra.
1116 1003 1193 1074 Quod
1206 1004 1290 1061 Stoici
1303 1005 1444 1061 veritatem
1464 1021 1518 1061 non
1540 1004 1720 1076 respicientes
1745 1006 1823 1077 inep-

165 1088 341 1157 exbibentur,
356 1105 391 1146 ne
405 1088 476 1145 desit
491 1088 656 1159 aliquando,
682 1105 736 1161 quo
758 1090 813 1145 vita
827 1088 966 1146 honninum
1019 1095 1123 1152 tissime
1137 1096 1303 1167 repulerunt.
1321 1098 1406 1157 Aiunt
1428 1096 1522 1163 enim,
1546 1096 1630 1153 mults
1649 1111 1710 1154 esse
1734 1096 1761 1153 io
1779 1096 1822 1169 pi·
1928 1161 1932 1168 ,

163 1182 342 1240 sustineatur.
358 1186 394 1237 At
405 1181 477 1238 enirn
492 1188 605 1237 ceteras
619 1181 770 1238 attitulantes
784 1182 878 1238 eadem
894 1192 965 1238 terro
1017 1189 1171 1261 gerentibus,
1189 1198 1216 1245 er
1230 1190 1257 1246 in
1272 1205 1384 1247 numero
1397 1189 1571 1256 animalium,
1597 1203 1711 1261 qnorum
1731 1187 1823 1253 adbuc

162 1274 267 1342 ιιιιιιῑι,
283 1282 310 1329 ιι
324 1272 446 1343 eiusdem
460 1272 526 1328 laetu
538 1272 619 1328 etiam
635 1282 707 1329 muts
722 1283 878 1343 pascuntur.
895 1273 963 1329 Num
1018 1279 1099 1336 latent
1113 1281 1213 1339 utilitas
1227 1281 1293 1338 :sed
1308 1297 1368 1341 earn
1380 1295 1509 1355 processu
1524 1289 1676 1353 temporum
1691 1280 1822 1349 inueniri3

160 1363 245 1421 etism
259 1371 395 1419 mutorum
409 1378 490 1419 causa
503 1363 574 1418 licus
589 1362 740 1418 laborauit?
754 1362 882 1432 llinime,
902 1364 964 1436 quia
1018 1372 1088 1429 sicrrt
1098 1373 1155 1445 inm
1167 1373 1243 1446 plora
1257 1375 1394 1445 prioribus
1405 1374 1511 1430 seculis
1524 1372 1659 1447 incognita
1671 1372 1821 1439 necessitas

160 1463 227 1513 suut
250 1456 363 1512 rationis
385 1456 516 1525 expertia.
543 1454 596 1512 Sed
627 1455 823 1528 intelligimus,
849 1466 876 1513 et
905 1457 964 1528 ipsa
1017 1473 1045 1520 ct
1061 1479 1124 1520 usus
1136 1464 1279 1522 invenerit.
1296 1466 1362 1539 Quae
1377 1465 1486 1527 tandem
1501 1466 1601 1523 utilitas
1615 1474 1704 1538 potest
1717 1466 1745 1533 in
1757 1481 1820 1533 mu.-

159 1547 261 1605 eodem
280 1547 362 1604 motio
376 1549 402 1603 in
417 1563 495 1604 dsunt
510 1546 630 1602 homiliis
648 1563 663 1601 a
678 1547 734 1603 Ded
760 1547 839 1614 iscla,
868 1548 964 1619 partim
1016 1557 1101 1626 pibus¹
1123 1560 1266 1627 inblnttis·
1286 1562 1312 1625 ip]
1333 1561 1506 1633 serpentibus
1529 1562 1659 1635 reperiri,
1684 1575 1745 1637 qum,
1767 1560 1820 1617 ho.

160 1640 308 1708 111θὶ1305,
334 1642 431 1711 partim
458 1641 492 1696 id
516 1642 662 1707 liiiifflffls
691 1641 787 1712 Pinim
815 1641 848 1696 id
873 1640 963 1713 ⁰P0li⁸
1015 1654 1209 1710 minimolcsta
1231 1665 1259 1711 et
1282 1656 1431 1726 perniciosa
1461 1656 1540 1717 suut?
1564 1655 1606 1713 An
1628 1654 1764 1715 medicina
1789 1655 1818 1715 in

161 1734 282 1802 suxilia;
299 1744 328 1790 ut
340 1734 442 1790 clarium
456 1733 501 1802 sit,
518 1732 638 1790 divinam
656 1735 851 1805 providentiam
870 1751 960 1793 rerum
976 1733 1000 1796 B
1014 1744 1056 1802 lris
1072 1748 1160 1819 aliqua
1174 1748 1262 1809 lateti
1279 1749 1345 1822 Qum
1364 1751 1387 1807 si
1404 1760 1468 1820 est,
1485 1750 1640 1815 invenietur
1660 1748 1821 1823 aliquando,

822 1853 1003 1915 vuslodtltl
1016 1859 1133 1918 NOTAE.

196 1987 282 2045 Certis
296 1987 458 2046 stationibus.
474 1987 547 2045 Nihil
562 1989 730 2046 mutandum.
745 1988 833 2045 Certae
846 1992 967 2068 sindones
1018 1998 1163 2054 animantia
1177 2001 1266 2054 omnin
1281 2008 1327 2055 novt
1338 2000 1411 2056 utilia
1425 2016 1498 2068 esse,
1514 2011 1560 2055 aut
1574 2000 1746 2072 pernicioso,
1770 2008 1819 2071 ant

158 2070 229 2118 sunt
247 2060 380 2117 siderum.
393 2056 463 2116 llos
482 2061 580 2117 Senes.
607 2060 709 2127 Qumst.
733 2059 816 2127 bist..
842 2060 890 2118 bb.
916 2079 965 2130 vu,
1016 2071 1130 2126 omnino
1143 2072 1246 2127 inutilis
1256 2084 1282 2127 et
1293 2072 1407 2142 abiecta.
1421 2072 1458 2128 lie
1471 2073 1579 2128 utilibus
1591 2080 1663 2128 certa
1678 2073 1747 2128 ratio
1762 2082 1819 2141 est;

159 2146 226 2203 esp.
244 2131 293 2199 25,
305 2142 333 2189 et
351 2131 430 2191 Plinii
444 2133 490 2189 lib.
508 2148 528 2191 u
542 2131 697 2198 ilisttlst,
711 2134 905 2203 eap.15,sect.
920 2135 964 2203 11,
1018 2141 1168 2211 perniciosa
1192 2157 1242 2198 nos
1264 2155 1372 2213 propter
1395 2156 1504 2212 peccatu
1522 2153 1660 2199 coereeat.
1676 2144 1818 2214 Exesnplls'

161 2213 241 2259 extr.
476 2276 482 2287 Β
844 2204 911 2287 Bou.
1017 2226 1069 2267 nee
1084 2223 1174 2269 nostra
1192 2223 1313 2284 tempora
1326 2225 1437 2281 enrent,
1461 2229 1511 2277 nee
1527 2210 1692 2273 Testamenti
1706 2212 1817 2277 Veteris

198 2272 359 2345 Temperans
372 2274 572 2329 subministrant.
589 2273 639 2330 dis.
660 2270 742 2330 eone.
766 2282 793 2329 et
809 2274 824 2327 7
842 2276 907 2330 edtt.
925 2277 966 2333 iu·
1018 2281 1098 2349 lilni3
1114 2293 1141 2339 et
1167 2282 1192 2339 io
1219 2287 1251 2340 iis
1271 2301 1330 2355 quom
1356 2286 1481 2340 vitientur
1509 2284 1586 2341 nobis
1608 2284 1643 2340 nb
1664 2286 1738 2341 omni
1762 2299 1816 2342 usu

158 2352 312 2429 terserunt.
327 2347 411 2415 polone.
600 2417 606 2429 ο
844 2345 909 2402 Rus.
1017 2354 1104 2411 sileno
1117 2368 1190 2423 esse,
1205 2357 1344 2411 materiam
1358 2357 1435 2411 nobis
1446 2357 1579 2423 existere,
1594 2367 1623 2410 ut
1636 2359 1719 2413 ιιιιιιιι
1731 2356 1815 2412 etism

196 2414 244 2470 Ee
255 2426 316 2471 rate.
328 2456 351 2471 ..
368 2418 511 2499 oisnoons.
532 2415 641 2473 Curuus
657 2431 706 2481 vu,
724 2416 742 2470 A
757 2435 763 2472 :
780 2413 965 2488 Nuuipontirsm
1019 2424 1045 2479 in
1069 2425 1240 2482 formicarum
1255 2428 1407 2482 lvumilitale
1418 2427 1567 2483 laudemus.
1582 2424 1737 2483 Etomniuo
1753 2427 1817 2485 binc

159 2487 332 2569 ιιιιᾴοιιιιιιι
353 2489 438 2569 erdere
454 2487 601 2553 odmunnt,
618 2487 653 2543 od
669 2503 895 2571 quorumcurssou
917 2492 964 2545 iser
1016 2495 1129 2567 colligit,
1159 2499 1340 2553 uniuersitatis
1372 2497 1552 2568 integritatem
1576 2497 1640 2554 inde
1667 2498 1812 2566 compleri.

160 2558 292 2629 doemunt.
307 2556 382 2613 Lacr.
407 2559 452 2613 lrlr.
467 2573 506 2625 vt,
526 2573 586 2640 rap.
601 2557 757 2641 sellonis,
784 2561 834 2613 ussi
858 2560 964 2631 clmenti
1017 2566 1132 2622 linsilius
1145 2567 1179 2621 nd
1193 2583 1282 2623 mores
1299 2569 1434 2622 translert.
1452 2569 1566 2623 Possunt
1577 2569 1661 2634 euim,
1677 2568 1720 2625 rel
1734 2569 1814 2625 Salo·

160 2628 265 2685 ιιιιιιιι
281 2630 368 2689 lumen
394 2629 540 2697 odissent,
565 2640 666 2685 rosolus
688 2629 805 2685 ceretius
827 2641 961 2701 sepontus.
1017 2639 1105 2692 monis
1119 2638 1281 2705 testimonio,
1298 2638 1392 2694 nesab
1405 2638 1500 2694 inertis
1511 2638 1545 2693 sd
1555 2637 1726 2693 sedulitatem
1738 2640 1814 2695 esci·

409 2772 415 2782 ἡ
704 2772 709 2781 ⁸
841 2701 909 2757 Burs.
1016 2716 1332 2777 torc1onnoounmsuss
1346 2710 1481 2764 naturales
1495 2708 1814 2766 vimntesbsbestetisnt

202 2769 370 2837 Perusinorum
388 2772 431 2827 Sne
458 2773 563 2831 restitui
580 2787 613 2829 ex
639 2773 764 2829 omnibus
790 2786 874 2841 prope
895 2788 961 2830 mss.
1016 2778 1214 2833 illodnnimal:
1231 2792 1258 2836 ot
1276 2778 1399 2836 Clrristus
1423 2782 1587 2849 serpentium
1616 2780 1742 2849 exemplo
1765 2793 1813 2836 ss·

160 2842 397 2901 el5vet.editis.
417 2842 446 2898 Ιιι
468 2842 486 2897 i
509 2844 659 2913 Rspice„
687 2842 769 2899 caue.
797 2842 963 2913 totidemque
1016 2849 1143 2919 pientiam
1160 2851 1236 2905 trutinis
1249 2851 1501 2918 commendat,ete.
1575 2850 1737 2908 Bsrpnsrns.

159 2914 273 2971 excusis
292 2923 337 2971 est
356 2914 527 2985 praeelectum
548 2918 574 2969 in
597 2913 758 2984 svotgotts,
776 2915 962 2984 prooeltomur;
1052 2919 1086 2976 ln
1098 2922 1266 2993 pipemensis,
1282 2924 1342 2976 ain
1357 2938 1462 2976 mmsis
1477 2922 1637 2979 minantium,
1653 2922 1755 2978 Omnes
1777 2923 1813 2979 li·
1892 2958 1896 2971 .

159 2984 522 3128 intulerint·
547 2986 760 3121 millite.
774 2985 967 3128 'tiliis
991 2991 1811 3136 1ll.{llliltitdttttiliollttlit‘ltili

304 3099 312 3123 1
499 3097 507 3111 '
626 3096 633 3110 ⁰
933 3098 963 3125 '2
1271 3106 1279 3130 p
1402 3104 1410 3120 s
1470 3104 1478 3120 s
1554 3104 1562 3119 ο
1619 3105 1625 3116 ·
1731 3104 1737 3117 ·
1798 3102 1808 3121 ο

159 3128 297 3198 promissi.
890 3198 895 3209 ι
961 3201 965 3209 ¹
1017 3133 1049 3186 ln
1064 3151 1113 3203 qtae
1128 3134 1215 3205 (Sole)
1237 3146 1274 3189 est
1287 3145 1379 3190 notare
1391 3144 1416 3191 et
1428 3152 1505 3191 coasts
1526 3106 1692 3208 piunenliuitt.
1707 3136 1812 3194 Eodem

201 3197 447 3269 Vennomspirito
461 3197 724 3255 ouratrmmrnnier.
740 3196 770 3253 L.
785 3197 961 3268 mimator,
1015 3218 1096 3260 sensu
1110 3206 1221 3262 disltde
1237 3206 1287 3275 ira,
1303 3223 1328 3263 c.
1346 3207 1389 3262 tlt.
1405 3206 1516 3262 Arbores
1536 3218 1560 3262 ιι
1573 3223 1631 3277 suos
1642 3210 1811 3279 piprrnnters

158 3281 221 3339 esp.
235 3271 255 3326 6
268 3287 274 3321 ι
287 3270 340 3327 Cur
349 3281 481 3325 uentorum
493 3271 598 3340 spiritus
607 3270 694 3323 cittcnt
707 3269 794 3324 nabes.
842 3271 907 3325 iiuu.
1014 3285 1091 3329 terra.
1105 3277 1169 3333 Bon.

199 3338 274 3397 Vites
288 3342 400 3415 fretibus.
424 3339 568 3397 Emmsnn.
592 3340 659 3395 Vites
674 3341 740 3424 unis,
754 3339 959 3421 sopitglossam.
1052 3351 1166 3413 Quorum
1187 3350 1273 3404 odilae
1289 3347 1366 3403 lateat
1385 3348 1492 3404 utilitas.
1518 3350 1597 3404 Deest
1614 3349 1698 3404 oddae
1722 3350 1748 3405 in
1775 3348 1813 3405 15

158 3408 279 3473 Fructus
303 3414 384 3469 etism
410 3413 486 3481 intus
519 3412 655 3469 dicontur.
685 3412 835 3481 bypnsuus
868 3422 961 3468 eontra
1013 3432 1079 3472 mss.
1102 3431 1129 3475 et
1155 3420 1312 3475 liedd-
1331 3421 1447 3487 ριυιιιιι
1467 3420 1553 3475 odins
1578 3419 1667 3475 ιιιιιι.
1683 3420 1812 3481 Testatur

161 3482 381 3563 Ρθῐῠθῑιίθῐιΰῐῐι,
406 3482 524 3564 sirim
555 3482 656 3554 ilidii⁸
678 3491 802 3536 notunmo
829 3484 960 3552 senonen,
1014 3487 1096 3543 lsous
1120 3493 1146 3545 in
1166 3492 1258 3552 variis.
1284 3491 1376 3546 lraberi
1402 3492 1524 3546 voculam
1548 3491 1633 3545 odlruc
1655 3491 1682 3546 in
1702 3491 1809 3547 Bouron.

160 3554 283 3619 ιιιίιιιιιιι
310 3553 412 3625 Virgilii
437 3554 485 3609 bb.
505 3569 513 3608 r
534 3552 633 3624 Georp.
656 3553 720 3610 55:
746 3551 851 3608 Arborei
874 3557 960 3626 setus.
1014 3559 1138 3615 ondeiila
1152 3560 1811 3631 sTlvomssio,lsmo,Tbys.,Gsll.,Sparlsiosd-

839 3624 905 3679 Bon.
1013 3632 1107 3697 misso,
1121 3646 1136 3687 a
1150 3631 1266 3687 Cellario
1278 3633 1428 3702 etreliqvis
1438 3646 1491 3686 non
1501 3630 1615 3686 debebat
1631 3632 1666 3685 lta
1682 3631 1807 3686 lastidiri.

193 3696 312 3755 Arsarata
325 3696 406 3764 poetis
430 3697 574 3753 seriberent.
594 3693 721 3767 Cypriam
748 3694 816 3751 Bon.
842 3695 958 3751 Patient.
1560 3701 1698 3757 sonsum.

160 3763 313 3829 denum
323 3769 405 3838 pomis
413 3768 527 3824 ariasto.
838 3766 905 3820 buu.
1048 3772 1082 3826 ln
1096 3774 1219 3827 mirribns.
1233 3773 1327 3843 Neque
1342 3771 1393 3828 boc
1407 3771 1598 3827 animalculum
1619 3783 1673 3827 tem
1689 3772 1806 3840 vilcost,

194 3837 253 3894 Per
269 3842 355 3911 oriem
378 3838 483 3893 uicibus
498 3837 533 3895 Ut
555 3838 602 3893 lib.
627 3854 656 3905 u,
680 3851 739 3907 sap.
755 3837 772 3897 θ
787 3854 795 3893 ι
808 3836 877 3901 Ques
888 3838 960 3892 ories
1011 3845 1075 3911 nstin
1091 3843 1222 3899 celebrari
1235 3844 1316 3899 etiarn
1331 3844 1364 3899 ab
1377 3844 1488 3914 optimis
1499 3844 1677 3912 scriptoribus
1697 3857 1807 3900 merus·

161 3916 311 3982 lnporum
324 3918 458 3981 perpetuos
470 3927 501 3964 nc
513 3909 646 3975 volubiles,
659 3924 853 3978 enitescamus
868 3925 959 3973 orums,
1011 3915 1056 3969 rit.
1072 3914 1197 3970 briceolis
1212 3916 1328 3970 nummis
1344 3916 1370 3968 in
1385 3913 1526 3970 obsidione
1546 3914 1698 3970 blaesilisna
1722 3915 1807 3984 venit,

159 3988 262 4041 amno
276 3998 322 4053 per
332 3981 399 4035 sices
410 3982 568 4036 successione
581 3980 730 4060 conficient.
749 3979 857 4060 Pneitus
874 3979 919 4033 lib.
942 3981 961 4036 5
1012 3984 1154 4049 Strabone,
1168 3986 1253 4040 Plinio
1264 3997 1291 4041 et
1304 3984 1410 4040 Valerio
1423 3984 1588 4041 auctoribus.
1602 3984 1630 4039 ld
1642 3987 1722 4041 etiarn
1734 3988 1808 4039 ocei-

160 4059 247 4122 dnu„
262 4068 323 4123 esp.
336 4051 374 4108 55
385 4068 392 4105 ι
405 4050 465 4106 Nisi
478 4054 543 4124 [orte
555 4050 629 4105 rebus
647 4060 744 4105 cunctus
764 4058 828 4104 intest
855 4049 961 4120 quidone
1011 4055 1052 4110 dit
1064 4057 1088 4110 in
1104 4057 1247 4113 Parislensi
1261 4058 1324 4112 anni
1340 4056 1411 4112 list
1419 4067 1446 4112 ιι
1456 4059 1482 4111 is
1496 4056 1652 4124 liupellensi
1662 4056 1723 4110 noni
1735 4055 1814 4114 less-

160 4127 230 4182 seiut
255 4123 346 4187 olbis,
373 4132 402 4177 ul
422 4123 635 4193 duellutdttwdum
654 4132 797 4193 terrenorum
818 4121 902 4191 uices,
924 4122 960 4177 ito
1011 4127 1206 4183 obsidionibus.
1220 4129 1308 4184 Taceo
1321 4128 1520 4193 salubritatem
1544 4143 1606 4182 narn
1626 4128 1742 4182 murium
1755 4142 1806 4183 ca·

160 4206 261 4252 marum
272 4202 410 4249 uerteretur·
837 4192 904 4248 Bitu.
1012 4198 1096 4266 pilum
1113 4199 1311 4269 caudarumque
1323 4199 1442 4254 cinerem
1455 4200 1541 4254 oculis
1560 4199 1708 4253 claritatem
1724 4197 1805 4253 indo·

197 4267 272 4322 Num
295 4266 372 4319 etiam
392 4274 520 4319 mutorum
546 4280 633 4319 eausa.
657 4263 714 4318 lmo
742 4262 850 4318 illorum
878 4278 960 4320 eausa
990 4268 1073 4324 ·‘cere
1086 4270 1204 4338 tradunt,
1218 4272 1241 4326 si
1257 4286 1291 4327 ex
1306 4269 1386 4324 melle
1399 4269 1551 4339 inungatur.
1568 4268 1661 4322 Plures
1674 4268 1733 4336 eins
1746 4268 1805 4322 rir-

162 4337 235 4395 [ieus
247 4336 389 4404 loboravit,
403 4336 451 4392 sed
466 4346 568 4393 tanturn
582 4335 753 4405 secundario,
770 4334 959 4393 bonriuisvero
1012 4348 1083 4394 tutes
1097 4356 1187 4409 nrraere
1197 4341 1267 4410 apud
1281 4339 1406 4405 Plinium,
1420 4354 1481 4394 curn
1497 4340 1569 4403 alibi,
1586 4349 1642 4392 tum
1653 4352 1717 4393 vero
1733 4351 1805 4408 prs-

160 4410 301 4480 primerio.
753 4466 759 4475 ,
969 4412 1089 4487 flcipue
1104 4412 1122 4464 l.
1137 4426 1200 4466 ιιιι
1215 4428 1275 4480 cap.
1292 4416 1318 4465 ti.
1336 4410 1446 4466 Sestum
1461 4424 1527 4464 vero
1541 4407 1741 4479 pbilosopirum,
1755 4407 1805 4480 qui

196 4481 231 4536 ln
245 4496 320 4537 asem
330 4479 449 4534 inlinis.
472 4478 510 4534 lla
530 4494 597 4534 mss.
622 4492 717 4533 omnes
738 4485 835 4548 praeter
857 4478 952 4553 bileg.
1009 4483 1120 4536 Adriani
1134 4482 1300 4550 temporibus
1312 4481 1412 4545 donarit,
1427 4494 1487 4550 cap.
1501 4481 1546 4535 11.
1560 4480 1664 4535 Bsruu.

160 4565 216 4608 res.
233 4552 280 4622 uui
293 4552 411 4614 bibent,
427 4550 462 4605 od
473 4566 559 4604 aanor.
1045 4551 1147 4608 Βιιιιιιι.
1164 4553 1238 4608 Ιιιιιι
1251 4553 1352 4606 inserts
1367 4561 1395 4606 et
1412 4552 1574 4607 Aristoteles
1586 4561 1613 4607 et
1626 4551 1696 4607 Plio.
1708 4562 1804 4607 ιιιιιιι·

195 4625 238 4678 Ad
258 4626 384 4678 metitum.
398 4621 472 4678 Sicu
494 4636 537 4677 me
549 4620 701 4675 restitutum
721 4634 755 4676 ιι
775 4619 864 4675 livet.
888 4619 954 4675 cdlt.
1007 4633 1078 4677 murt.
1103 4623 1262 4679 Aristoteles
1284 4639 1347 4678 snas
1368 4622 1577 4705 exposuissetis<
1601 4622 1736 4689 nominat,
1757 4621 1805 4681 sic

159 4695 317 4765 summisque
328 4710 393 4749 mss.
405 4700 504 4764 prester
522 4693 535 4746 l
549 4692 616 4762 [teg.
627 4706 682 4747 rec.
696 4694 783 4762 inquo
791 4700 832 4746 est
840 4691 954 4758 uestium,
1007 4696 1079 4749 enim
1093 4695 1165 4750 Gaza
1185 4695 1339 4749 transtulit:
1355 4696 1403 4750 sed
1428 4710 1462 4748 ex
1482 4694 1723 4760 sermasiensis,
1739 4707 1804 4751 eum

160 4774 190 4820 ot
202 4766 231 4821 in
246 4766 352 4822 oretanis
364 4765 514 4834 impressis.
1007 4766 1078 4821 Gaza
1092 4782 1124 4821 ex
1138 4766 1254 4821 niventis
1268 4766 1341 4820 nasci
1354 4765 1444 4830 dieot3
1469 4765 1541 4820 unde
1558 4766 1633 4820 loeus
1654 4764 1719 4819 mibi
1742 4779 1804 4821 sus-

204 4837 247 4891 Ad
275 4837 360 4903 operis
391 4836 499 4889 samiis.
533 4834 589 4890 κατ’
613 4836 703 4907 ἐξοχὴν
728 4834 755 4888 1ι.
782 4833 799 4887 l.
825 4832 957 4904 significor
1042 4848 1161 4893 etnsest.
1177 4838 1279 4892 Plinius
1298 4851 1405 4892 suaset
1422 4835 1799 4905 bumidovaporeusscislt.

158 4924 226 4978 opus
245 4908 386 4972 nstiesm,
413 4905 615 4977 apricaliurnm,
644 4904 716 4976 quod
739 4903 818 4960 docet
840 4905 957 4960 mnxirue
1007 4852 1135 4979 iirgilins
1154 4911 1180 4964 in
1195 4924 1221 4963 ιι
1237 4908 1336 4976 Georg.
1350 4917 1377 4961 ot
1391 4904 1539 4961 Columella
1555 4906 1602 4961 lib.
1618 4921 1648 4971 x,
1670 4906 1801 4978 lucifugas

157 4977 236 5036 het.
251 4980 297 5034 lio.
313 4994 344 5044 u,
356 4992 415 5047 esp.
429 4981 474 5034 ld.
487 4974 522 5032 tlt
534 4978 656 5031 auinmlio
672 4977 731 5029 usui
746 4976 890 5030 ltorrtiniios
903 4992 957 5029 esse
1007 4981 1208 5049 eogrvomlnant.
1224 4979 1289 5032 llam
1310 4990 1337 5031 et
1353 4978 1456 5031 Plinius
1477 4990 1524 5032 eas
1542 4976 1629 5032 locent
1645 4977 1739 5047 lugere
1752 4979 1804 5045 ait,

158 5060 274 5119 rosum,
289 5051 352 5104 olio.
365 5088 371 5102 .
384 5087 391 5102 .
405 5049 440 5103 od
453 5048 535 5111 cibos,
550 5050 603 5102 otio
615 5064 673 5101 uero
686 5048 718 5101 nd
734 5048 858 5101 vestitum
875 5064 882 5100 ι
900 5062 957 5116 nne
1007 5060 1034 5105 et
1044 5066 1137 5105 eastum
1153 5052 1233 5105 uitam
1251 5047 1422 5103 uertebrarum
1435 5047 1570 5102 alumnam
1581 5047 1657 5102 dicit.
1670 5050 1718 5104 Est
1728 5048 1804 5105 aliud

157 5132 245 5178 sulm
255 5137 408 5195 mupnerum
423 5130 483 5176 sunt
504 5119 607 5186 uirium,
621 5129 648 5172 ot
668 5119 695 5172 in
713 5117 860 5174 excolenda
885 5126 956 5174 terra
1006 5136 1102 5190 penus,
1117 5123 1187 5192 quod
1202 5120 1288 5175 Grmei
1304 5117 1416 5203 μύλοχον
1429 5126 1536 5185 vocant,
1551 5119 1593 5173 rei
1610 5119 1652 5187 (ut
1667 5118 1727 5174 aliis
1741 5118 1802 5189 pla·

157 5194 285 5259 iurarent.
816 5190 883 5244 Bur.
972 5232 980 5241 .
1007 5194 1061 5263 oet)
1075 5195 1172 5265 obpro,
1188 5191 1363 5246 vermiculum
1379 5190 1504 5247 rrrlestum
1522 5190 1597 5245 libris
1611 5199 1639 5244 et
1660 5188 1801 5246 studiosis.

98 5278 105 5293 ·
198 5264 284 5319 Vitam
293 5265 417 5318 instruere
429 5270 504 5329 otone
520 5276 621 5315 ornare.
635 5259 682 5315 llic
697 5258 769 5315 rcier
779 5259 908 5317 Senecam
921 5259 955 5315 ad
1006 5263 1047 5318 Ad
1063 5268 1135 5331 prius
1148 5276 1232 5331 penos
1241 5261 1408 5317 relerendnm
1420 5270 1485 5331 puto
1499 5259 1668 5326 medicinam,
1683 5275 1744 5331 quse
1757 5275 1802 5316 re-

156 5332 303 5399 hrain,
329 5348 390 5402 cap.
416 5333 459 5389 18.
483 5330 581 5399 Pisces,
610 5332 758 5401 docebisque
772 5342 852 5399 ortes,
873 5331 954 5395 olins,
1007 5334 1206 5394 lerturaPlin.
1224 5333 1273 5387 snb
1288 5333 1367 5388 dacor
1380 5333 1433 5394 29.
1451 5332 1494 5387 ubi
1518 5332 1555 5385 sit
1576 5333 1718 5399 quamdam
1740 5330 1801 5406 elus

156 5421 215 5473 pso
233 5407 315 5463 vitem
331 5404 479 5469 instruant,
499 5405 580 5467 ullas,
594 5418 652 5474 pite
664 5414 777 5471 orarent,
800 5403 876 5469 olins,
897 5420 956 5474 que
1006 5420 1078 5470 esse,
1093 5404 1356 5475 slesputnveiiatur.
1375 5404 1450 5458 Ηιιιι
1471 5404 1541 5458 enirn
1559 5402 1647 5457 tritam
1670 5417 1721 5457 noo
1735 5417 1798 5459 enos

157 5487 261 5547 mant.
816 5474 883 5529 Bou.
1006 5491 1133 5539 rosaceo,
1152 5476 1261 5530 nvtribns
1282 5476 1350 5529 mire
1371 5475 1515 5544 prodesse,
1536 5483 1588 5529 etc.
1609 5472 1680 5544 Ergo
1703 5472 1801 5530 oloru-

195 5547 249 5605 διά
261 5546 406 5602 Academici
414 5556 487 5613 ,ete
512 5545 551 5602 lie
569 5545 621 5601 boo
631 5560 663 5601 es
674 5556 769 5616 quarto
782 5546 955 5603 Academica·
1006 5550 1158 5603 rumesiam
1171 5546 1198 5602 in
1213 5546 1353 5602 medicinis
1366 5546 1482 5601 salubris
1496 5544 1655 5601 rorortsltbos
1669 5557 1733 5600 usos
1746 5542 1800 5599 ali·

158 5633 221 5673 rom
243 5616 382 5674 Ciceronis
403 5632 483 5687 supro
508 5618 555 5673 lib.
570 5633 617 5682 ιιι,
640 5631 699 5686 cap.
722 5618 750 5682 1,
778 5617 878 5672 dietum
901 5624 952 5672 est.
1005 5620 1127 5689 quisest.
1141 5620 1306 5674 Beruenses.

159 5690 325 5759 Augustinus
336 5697 429 5746 contra
439 5688 602 5744 binniebaeos
617 5689 642 5742 in
656 5685 724 5747 Gen.
739 5688 785 5746 lib.
801 5704 820 5753 r,
835 5701 894 5756 esp.
907 5688 952 5755 ld,
1041 5688 1074 5744 ln
1088 5689 1254 5761 serpentibus.
1271 5689 1419 5759 Unicuique
1442 5695 1534 5745 notum
1548 5695 1607 5754 est,
1622 5701 1657 5742 er
1668 5683 1722 5741 iliis
1735 5681 1799 5745 obet

159 5760 306 5831 respondet
333 5760 385 5816 illis
411 5760 564 5817 bominibus
590 5758 677 5835 citima
702 5760 787 5816 errori
811 5758 952 5827 obnoxiis,
1005 5756 1617 5830 naconlrnmtnisaturanteeonieienm.
