4142 6184
169 285 224 343 aad
534 289 687 348 otssritt.
708 289 741 347 ΙΝ
760 290 825 347 titt.
847 288 890 345 itti
910 285 1088 348 Montibus
1107 290 1298 353 runsucut.
1318 296 1395 355 CAP.
1416 298 1462 356 xt.
1766 302 1819 360 ast

167 405 235 461 tiani
249 404 351 462 milites
374 403 565 477 prevalebant,
585 406 673 464 donoc
694 416 787 479 postea
808 405 968 462 confirmato
982 427 1007 488 A
1021 417 1104 479 ponte
1117 409 1207 468 Milrio
1221 412 1339 483 tradidit,
1354 413 1405 472 boe
1420 416 1454 472 ab
1469 416 1530 473 aliis
1546 417 1725 491 scriptoribus
1739 419 1821 490 paulo

167 500 261 554 animo
275 496 517 567 constantienses
530 498 565 556 ad
580 509 722 571 utrumque
735 508 856 572 paratus,
877 500 969 571 copias
1019 502 1098 559 aliter
1109 505 1234 561 traditum
1246 506 1361 564 videtur.
1377 509 1473 566 Narrat
1482 512 1554 567 enim
1566 511 1696 567 Eusebius
1711 511 1820 584 (umet.

167 590 203 646 ad
215 589 318 648 Urbem
340 592 452 662 propius
467 592 595 658 admovit,
617 594 794 665 eteregioue
807 592 896 663 pontis
912 592 970 648 itit-
1019 597 1064 653 ιιι.
1080 614 1106 653 ιιι
1132 599 1222 655 dictor.
1244 600 1343 658 Eccler.
1366 620 1424 677 cop.
1443 603 1471 672 9,
1492 614 1515 659 et
1528 605 1572 660 lib.
1588 621 1597 661 t
1612 606 1644 660 de
1667 604 1727 660 Vito
1753 604 1821 662 Coit·

166 684 216 748 rii,
232 701 283 741 ms.
296 683 381 741 codex
395 685 484 753 Milvi,
498 687 655 743 concedit.»
672 688 742 741 Pons
752 695 841 742 autem
852 685 968 754 Milvius,
1018 699 1097 747 stunt.
1114 710 1172 762 cop.
1188 694 1246 768 58)
1263 704 1370 764 pontem
1386 697 1494 770 scaphis
1518 699 1669 755 tirmissime
1682 699 1789 770 quidem
1805 714 1820 754 a

166 776 358 845 sicholvius‚
372 793 443 835 uurvc
454 779 533 849 vulgo
547 792 622 851 potate
632 777 704 835 Mola
715 779 875 849 appellatus,
888 779 914 831 iu
926 778 968 832 via
1018 781 1152 840 Maxentio
1172 795 1366 854 constructum,
1386 788 1422 844 ita
1451 799 1539 846 tamen
1555 801 1585 846 ut
1598 791 1766 858 interscindi,
1789 806 1822 847 ac

165 870 306 928 Flamiuea
335 871 440 928 duobus
467 873 574 929 circiter
597 874 633 929 ub
657 873 723 928 urbe
747 872 832 928 Roma
852 870 969 928 millibus
1018 878 1154 932 transiens
1168 877 1359 936 Constantinus
1370 881 1396 936 in
1409 880 1519 937 fluvium
1534 881 1612 939 facile
1624 884 1703 953 dejici
1717 892 1819 956 posset.

165 972 307 1021 cxtructus
319 975 371 1020 est.
388 963 486 1020 verum
497 966 593 1035 prioris
608 965 792 1038 buiuspuguae
804 964 967 1020 mentionem
1019 966 1119 1025 Contra
1132 985 1197 1026 vero
1210 973 1318 1028 accidit.
1334 972 1400 1029 Nam
1416 973 1502 1030 victus
1514 976 1663 1031 Maxentius
1683 991 1731 1047 per
1749 975 1822 1033 bunc

164 1055 214 1128 qui
228 1056 353 1123 iecerint,
376 1056 421 1112 vix
439 1058 521 1111 alium
548 1061 708 1129 scriptorem
730 1056 850 1113 invenias
871 1064 969 1124 praeter
1018 1073 1129 1131 pontem
1142 1064 1254 1136 aulugit,
1267 1064 1313 1121 sed
1325 1066 1412 1150 soluta
1423 1068 1474 1123 sub
1484 1068 1543 1139 ejus
1558 1069 1672 1140 pedibus
1684 1069 1819 1138 macbina,

165 1146 298 1204 Ceciliunr
323 1156 445 1203 nostrum
471 1157 499 1205 et
522 1159 660 1205 auctorem
691 1148 795 1205 Politice
813 1158 967 1204 sanctorum
1018 1154 1217 1226 cumpluribus
1239 1157 1265 1213 in
1289 1174 1397 1215 amnem
1416 1159 1570 1228 cecidique
1591 1162 1748 1217 submersus
1767 1169 1819 1217 est.

164 1245 278 1302 Patrum
301 1246 486 1318 Metroplvauis
509 1256 537 1305 et
557 1246 714 1304 Alexandri.
738 1245 856 1320 ipsamet
878 1257 967 1303 autem
1018 1245 1121 1304 Eadem
1136 1265 1243 1322 quicque
1257 1251 1382 1308 Zoziovus
1405 1251 1515 1324 (Zosim.
1541 1255 1586 1309 lib.
1610 1270 1628 1309 ιι
1648 1252 1762 1328 bidom),
1776 1253 1821 1309 Li-

165 1340 281 1410 huiusce
304 1340 445 1413 scriptoris
467 1340 502 1398 de
525 1341 713 1411 Constantino,
737 1342 782 1414 qui
807 1340 968 1412 persuadere
1019 1339 1115 1397 barrius
1128 1341 1238 1416 (libau.
1255 1355 1322 1401 orat.
1341 1349 1368 1414 ὅ,
1385 1357 1446 1403 tom.
1459 1364 1477 1404 n
1490 1347 1512 1420 ),
1528 1348 1690 1420 Protagoras
1705 1348 1821 1420 (Proto-

166 1430 304 1488 Maxentio
319 1447 373 1489 non
387 1442 493 1505 poterat
507 1443 536 1490 ut
555 1434 590 1490 ab
604 1435 692 1506 impiis
710 1433 838 1504 operibus
850 1434 968 1490 abstinc-
1017 1450 1075 1506 gor.
1089 1437 1161 1509 opud
1174 1436 1254 1493 Pirot.
1272 1440 1331 1496 eod.
1346 1439 1404 1513 δι),
1418 1450 1445 1496 ct
1460 1440 1563 1498 Politiae
1577 1441 1627 1500 SS.
1642 1442 1752 1499 Patrunt
1766 1441 1822 1497 Mc-

164 1536 218 1592 rct,
233 1524 318 1581 rerba
329 1526 399 1596 apiud
409 1525 533 1582 Plvotium
542 1526 584 1581 sic
596 1541 684 1597 graece
692 1522 968 1597 legunturz'drrrrci
1019 1530 1159 1600 trophanis
1173 1540 1201 1588 et
1221 1533 1368 1591 Alexandri
1396 1535 1512 1608 scriptor
1536 1538 1632 1593 litteris
1647 1535 1821 1593 commenda-

163 1619 278 1692 πολέμου
301 1620 346 1674 και
367 1619 524 1692 capriani:
545 1621 630 1694 μάχῃ,
654 1622 688 1677 xri
711 1621 966 1696 spurcaminis
1018 1631 1125 1677 verunt.
1153 1623 1206 1680 Sed
1235 1623 1361 1682 Aurelius
1384 1626 1477 1683 llictor
1506 1627 1630 1698 perbibet
1657 1628 1820 1684 Maxentium

162 1714 259 1785 placere
271 1717 317 1766 τοῦ
329 1711 413 1768 >adria
425 1712 455 1769 τι
467 1709 550 1774 ἧττον.
567 1710 660 1782 (Ριοι.
675 1709 798 1766 Bibliotlr.
817 1711 876 1766 cod.
900 1708 966 1782 ιιι)
1020 1732 1030 1767 r
1043 1715 1158 1784 insidiis,
1169 1732 1236 1787 quas
1246 1717 1342 1787 bostis,
1358 1738 1367 1773 r
1381 1720 1491 1775 forsitan
1510 1738 1520 1773 ι
1534 1719 1616 1787 busti,
1627 1721 1697 1792 apud
1712 1730 1820 1792 povvtem

165 1819 176 1855 ι
193 1802 273 1859 Bello
284 1803 406 1869 tentavit,
418 1802 895 1875 pugnaquccongressus,primunon
905 1817 966 1873 pro·
981 1822 1005 1883 B
1018 1806 1138 1863 Milvium
1163 1808 1312 1879 locaverat,
1332 1812 1359 1867 io
1384 1823 1551 1884 transgressu
1566 1813 1672 1870 'liberis
1685 1814 1820 1886 intercep-

162 1894 598 1967 culabtunquinsuccuniuerct.
623 1897 676 1954 Sed
702 1896 761 1952 baec
780 1896 847 1953 leuis
862 1906 964 1952 tantum
1019 1910 1109 1957 tomi
1143 1899 1235 1958 luisse.
1266 1902 1320 1960 Sed
1342 1904 1478 1975 aliquanto
1499 1906 1599 1962 clarius
1622 1905 1650 1961 io
1677 1905 1819 1977 epitome:

160 1989 485 2063 rideturvelitatio,qua‚
499 1990 596 2062 siquid
609 1990 773 2047 Maxentiani
785 1990 885 2046 milites
897 2005 965 2062 prae-
1021 2013 1031 2048 r
1047 1996 1141 2063 Paulo,
1161 1998 1281 2069 »inquid
1301 2016 1311 2051 ι
1328 2000 1478 2069 superiusa
1494 2009 1575 2069 ponte
1585 1998 1686 2065 Milvio,
1703 1999 1730 2054 io
1752 2013 1819 2070 pou·

159 2083 317 2152 Pilumni,
332 2083 373 2139 ¹¹5⁵
384 2093 472 2141 limen
482 2085 593 2141 minimi
608 2083 964 2157 impedituxConstantiuus,
1018 2101 1072 2148 tcrn
1086 2091 1199 2162 nauigiis
1213 2093 1390 2164 currrpositum
1412 2093 1448 2149 ab
1465 2092 1549 2149 latere
1560 2092 1664 2164 ingredi
1675 2092 1817 2161 festinans,

159 2189 262 2231 omnes
275 2175 366 2247 copias
381 2175 492 2248 propius
517 2175 552 2233 ad
578 2174 679 2233 Urbem
702 2191 717 2232 c
741 2175 851 2247 regione
875 2176 965 2246 potitis
1018 2183 1093 2255 lapsu
1107 2184 1168 2255 equi
1178 2185 1204 2240 in
1217 2183 1379 2256 protundum
1391 2184 1533 2242 demersus
1546 2194 1597 2241 est.
1610 2205 1621 2238 i
1632 2183 1715 2242 Vides
1728 2186 1819 2255 itaque

159 2267 248 2326 ttitvti
258 2268 388 2326 admouit.
1016 2275 1085 2332 duos
1097 2285 1195 2347 pontes
1217 2277 1345 2349 distingui
1372 2276 1407 2333 ab
1422 2276 1474 2333 boc
1486 2278 1628 2348 scriptore,
1645 2276 1766 2334 ttitvtun
1777 2277 1819 2333 ri·

459 2390 607 2432 tarracina
626 2391 666 2432 ru.
1016 2369 1127 2438 delicet,
1143 2381 1169 2426 et
1182 2372 1275 2439 alium,
1297 2372 1343 2442 qui
1365 2371 1472 2443 sceptris
1485 2382 1513 2427 et
1534 2372 1648 2443 navigiis
1672 2371 1819 2429 edinerus

163 2463 259 2522 Utrum
273 2481 304 2521 eu
314 2481 374 2522 acro
387 2466 448 2529 sint,
463 2483 521 2538 quic
534 2466 755 2522 Ceciiiustrodidit
767 2467 798 2522 de
809 2467 900 2541 prelio
915 2485 965 2539 quo
1017 2464 1115 2520 lucrat.
1126 2465 1276 2522 Maxentius
1286 2476 1376 2522 autem
1389 2467 1587 2523 diciturexlvoc
1599 2467 1816 2540 secundoponte,

198 2558 349 2615 timavum
362 2575 379 2613 o
393 2557 561 2615 Constantino
576 2559 674 2631 linquo
694 2561 773 2615 aictm
794 2570 847 2626 ext;
860 2576 909 2629 quo
922 2561 966 2615 ille
1017 2573 1097 2629 quern
1108 2558 1203 2628 ipsein
1218 2559 1387 2616 Constantini
1411 2559 1557 2630 pernicicm
1576 2567 1774 2626 cotrstruxervt,
1791 2560 1818 2616 in

196 2654 356 2722 expertein
369 2651 479 2708 Tiberim
491 2652 613 2728 dejectus,
627 2670 657 2710 uc
679 2670 730 2726 quo
749 2670 817 2710 uano
827 2653 963 2721 interierit,
1016 2651 1134 2708 Tiberim
1154 2653 1343 2724 praecipitatus.
1361 2654 1401 2707 Art
1422 2663 1511 2707 autem
1539 2652 1593 2707 duo
1614 2653 1641 2706 lvi
1666 2663 1762 2721 pontes
1781 2653 1817 2708 ob

195 2763 232 2801 art
245 2745 370 2801 abacistis
381 2746 623 2817 quinquennalibus.
1017 2755 1193 2800 memoratam
1204 2746 1230 2800 in
1243 2746 1323 2800 citata
1336 2744 1438 2816 Aurelii
1450 2744 1564 2800 Victoris
1581 2744 1705 2814 Epitomc
1719 2744 1816 2800 vicini·

197 2838 264 2895 Post
275 2850 478 2894 memoratama
493 2839 572 2894 nobis
582 2840 608 2894 io
619 2839 759 2911 superiore
774 2837 888 2894 articulo
900 2854 967 2909 pug·
1017 2847 1099 2896 tatem
1111 2841 1212 2896 abaliis
1225 2841 1342 2896 distincti
1359 2856 1412 2896 non
1428 2838 1577 2906 luerint3ut
1588 2841 1689 2896 certius
1698 2855 1817 2911 pronun-

160 2928 425 2997 nam31urmt'ncbot,
446 2931 534 3002 inquit
555 2927 670 2987 Cecilius
684 2929 752 3004 (cop.
766 2930 825 3002 ti)
843 2932 898 2987 dica
916 2949 966 3001 quo
1018 2932 1086 2989 tiarc
1100 2948 1193 3005 queas,
1207 2933 1269 2988 audi
1287 2932 1375 2989 adbuc
1389 2932 1560 3003 Eutropium,
1588 2932 1632 3003 qui
1658 2931 1817 2989 brevissime

161 3023 311 3081 Maxentius
323 3024 459 3097 imperium
472 3033 582 3097 ceperat,
596 3024 640 3095 qvi
662 3034 698 3079 ext
719 3023 753 3078 ud
766 3033 863 3080 sextum
878 3023 967 3079 italen-
1018 3026 1085 3083 dixit
1098 3026 1260 3083 Maxentium
1276 3027 1375 3082 victum
1390 3023 1473 3081 luisse
1491 3026 1525 3078 ud
1544 3034 1657 3098 pontem,
1672 3025 1716 3096 qui
1744 3021 1816 3080 tiot-

161 3119 210 3175 dor
229 3117 388 3183 novembrio,
406 3117 432 3173 id
455 3129 497 3172 est
518 3116 553 3173 at
569 3117 705 3183 octobris,
721 3127 745 3172 ct
767 3117 967 3188 quinquennalia
1017 3119 1200 3174 oiuaoucotur.
1215 3117 1375 3174 Prudentius
1387 3131 1494 3189 quoque
1512 3116 1637 3173 eumdem
1654 3124 1762 3189 pontem
1775 3114 1816 3173 bis

163 3212 378 3268 terminabantur.
402 3210 486 3267 Nocte
499 3225 564 3266 reru
578 3211 759 3282 subsequente
773 3210 965 3267 Constantinus
979 3215 1001 3276 c
1017 3210 1141 3268 versibus
1154 3210 1323 3282 designavit:

160 3305 285 3373 cceleste,
299 3304 334 3361 de
347 3319 401 3376 quo
414 3304 539 3376 superius
563 3303 768 3373 disputavimus,
791 3303 856 3359 vidit
874 3305 964 3359 crucis
1060 3346 1144 3398 Testis
1154 3343 1300 3396 mmm
1308 3344 1377 3395 dum
1387 3342 1543 3394 mamus
1553 3343 1578 3392 in
1591 3341 1684 3393 Urbem

160 3396 279 3467 signum,
307 3411 362 3468 quo
381 3394 528 3452 exercitum
542 3410 621 3449 suunt
637 3394 721 3450 voluit
736 3395 836 3449 armari
855 3408 887 3449 ac
904 3410 964 3449 mu·
1061 3409 1173 3468 gorvqg,
1188 3417 1321 3472 exceptum
1332 3406 1449 3457 'tapam
1460 3410 1484 3456 in
1496 3414 1583 3470 stagna
1595 3412 1724 3470 tyrannum

160 3486 226 3544 nixi.
247 3486 323 3541 lunc
346 3494 436 3542 autem
459 3485 509 3556 ipsi
533 3486 651 3541 occurrit
665 3485 759 3554 bostis,
776 3485 822 3556 qui
845 3484 962 3540 illirium
1060 3472 1231 3534 Praecitdilsss·
1338 3530 1449 3582 mm
1481 3527 1515 3580 m,
1550 3531 1647 3580 omas
1715 3526 1785 3591 ml)

161 3589 273 3651 pontem
286 3578 490 3648 transgreditur.
503 3577 545 3634 dd
560 3592 656 3633 manus
667 3578 788 3646 veniunt,
804 3586 832 3633 et
851 3584 964 3648 utraque
1325 3529 1334 3594 4
1449 3564 1467 3591 '’
1517 3543 1550 3580 '⁰
1591 3543 1604 3580 Τ
1649 3541 1715 3592 ΨΜ
1765 3568 1771 3579 “

160 3684 197 3728 ex
218 3680 293 3742 parte
315 3680 448 3743 pugnatur
476 3683 580 3726 summa
606 3668 643 3736 vi,
661 3670 709 3726 sed
734 3669 837 3725 incerto
859 3668 964 3739 penitus
1051 3663 1194 3720 dtnullius
1207 3660 1296 3732 pontis
1306 3662 1470 3717 mentionem
1490 3660 1553 3716 lecit
1563 3658 1816 3731 Nazariusffloco·

160 3766 248 3820 exitu.
262 3763 536 3820 Fitidcircoinurbe
555 3762 664 3829 seditio,
679 3772 707 3818 et
728 3760 964 3832 populvrsincirco
1014 3757 1049 3811 rii
1070 3755 1201 3827 Poueggr.
1226 3753 1323 3827 aaut,
1347 3768 1435 3825 neqve
1457 3752 1539 3808 etiam
1559 3768 1710 3826 anonymus
1738 3752 1817 3809 lalc-

160 3857 327 3915 Maxeutium
350 3857 427 3914 ludos
448 3858 529 3912 natali
551 3857 594 3912 die
611 3871 661 3913 suu
683 3856 808 3912 edentem
830 3856 961 3926 increpat.
1015 3848 1248 3921 slanus,cnjusde
1262 3848 1386 3904 Maxentii
1401 3863 1415 3902 a
1429 3846 1606 3904 Constantino
1620 3837 1683 3904 v'icti
1707 3848 1816 3904 interitu

161 3949 229 4008 lude
241 3960 439 4014 consternatus,
457 3950 534 4020 jubet
547 3949 643 4018 inspici
668 3948 813 4020 Sibyllinos
826 3946 919 4012 libros,
936 3955 964 4002 et
1017 3942 1076 3999 lvrec
1088 3954 1151 3999 sunt
1161 3943 1259 4000 verba:
1277 3961 1286 3995 ι
1301 3941 1433 4012 Egressus
1443 3957 1476 3997 ex
1489 3940 1563 3998 Urbe
1571 3941 1730 4011 Maxentius,
1744 3957 1817 3997 cam-

161 4048 190 4105 in
203 4045 244 4104 eis
256 4055 391 4117 repertum
405 4053 457 4110 est,
473 4045 509 4098 uti
520 4043 643 4098 Zosimus
660 4042 715 4112 jam
730 4042 828 4098 citatus
851 4050 965 4096 testatur
1016 4051 1166 4109 pumsupra
1174 4034 1303 4100 Tiberim,
1317 4033 1342 4088 in
1354 4047 1405 4103 quo
1415 4032 1567 4097 dimicaret,
1579 4031 1815 4103 iegitllbivictus,

161 4137 270 4196 bostem
286 4137 467 4192 Romanorum
487 4136 645 4205 periturum.
672 4133 727 4191 Sibi
750 4142 839 4187 autern
859 4131 964 4188 Muxcn·
1017 4128 1115 4199 iugatis
1124 4127 1250 4182 omuibus
1262 4125 1409 4191 suis,intcr
1428 4126 1566 4195 augustias
1580 4124 1696 4179 arcentis
1711 4123 1815 4194 populi,

162 4234 218 4290 tius
233 4231 387 4303 persuaderi
399 4230 464 4286 sinit
476 4244 509 4284 eo
524 4243 655 4299 responso
667 4226 873 4282 Constantinum
893 4224 965 4281 desi·
1017 4234 1087 4292 equo
1101 4219 1282 4289 precipitatus
1295 4217 1321 4271 in
1336 4215 1457 4271 lluvium.
1473 4233 1483 4267 v
1497 4214 1617 4270 incertus
1631 4213 1748 4285 denique
1770 4227 1816 4284 pu·

161 4325 252 4398 goari.
268 4324 296 4380 ln
315 4325 400 4379 aciem
415 4322 506 4393 itaque
521 4322 603 4386 venit,
619 4320 770 4390 transitque
784 4328 903 4389 pontem,
919 4316 965 4388 qui
1017 4312 1135 4384 negarici
1155 4309 1333 4365 Constantino
1347 4306 1410 4361 dicti
1425 4315 1518 4362 auctor
1539 4307 1676 4360 irremoriae
1699 4304 1818 4376 prodidit

161 4432 179 4475 a
192 4425 268 4488 tergo
281 4417 341 4487 ejus
350 4414 560 4470 interscinditur.
578 4413 616 4467 Eo
629 4412 698 4479 viso,
715 4412 853 4468 recruduit
864 4426 964 4484 pugna,
1017 4404 1191 4468 Maxentium,
1203 4402 1292 4472 pontis
1305 4400 1385 4455 Milvii
1410 4399 1551 4455 exclusum
1565 4398 1705 4469 augustiis,
1718 4398 1816 4455 irnstra

161 4526 197 4569 ac
211 4525 306 4567 sersus
316 4510 342 4565 iu
354 4509 453 4581 lugam,
464 4521 492 4564 et
505 4505 674 4564 multitudine
685 4506 841 4576 fugientium
852 4520 964 4578 oppres·
1016 4508 1142 4555 conatum
1157 4513 1204 4566 per
1214 4496 1325 4564 abrupta
1337 4495 1403 4564 ripa·
1412 4494 1549 4550 ulterioris
1559 4493 1687 4562 eradere,
1700 4494 1817 4552 etTibe·

161 4619 221 4672 sus,
245 4619 279 4660 ex
294 4613 375 4673 ponte
387 4602 512 4673 deiicitur
525 4601 553 4657 in
577 4599 707 4666 Tiberim,
724 4608 751 4654 ct
772 4598 963 4668 submergitur.
977 4609 1005 4670 Ι)
1017 4591 1054 4646 ris
1068 4590 1171 4660 gurgite
1182 4587 1350 4644 decoratum.
1362 4585 1466 4641 audisti
1477 4600 1542 4641 sane
1553 4585 1642 4641 varias
1653 4587 1816 4657 scriptorum

161 4699 253 4769 Atque
267 4697 303 4753 ita
316 4693 432 4751 Cecilius
451 4694 580 4751 describit
594 4692 662 4747 lianc
683 4704 812 4761 pugnam,
841 4687 966 4744 Maxentii
1016 4682 1160 4753 opiniones
1182 4680 1216 4737 dc
1234 4678 1360 4736 Maxentii
1376 4693 1453 4746 casu·
1482 4680 1558 4748 'sisu
1583 4680 1611 4736 in
1635 4679 1765 4749 Tiberini,
1788 4691 1817 4738 ei

161 4802 290 4856 mortem,
306 4799 334 4846 et
347 4788 514 4844 Constantini
529 4786 618 4858 Magni
633 4785 782 4841 victorium.
1016 4783 1109 4847 ponte,
1122 4791 1156 4832 cx
1169 4774 1262 4845 quoin
1278 4776 1349 4829 lrunc
1362 4773 1471 4828 drusium
1491 4773 1597 4829 cecidit.
1611 4772 1815 4848 Quamcumque

198 4881 237 4939 dt
251 4883 278 4937 in
294 4882 345 4937 bac
363 4879 518 4936 narratione
532 4877 596 4934 illud
612 4876 732 4947 pluribus
745 4890 837 4946 parum
853 4872 963 4928 lorsitan
1016 4883 1098 4940 porro
1111 4870 1247 4925 veriorem
1269 4883 1329 4924 esse
1354 4867 1580 4938 pronuntiaveris,
1603 4867 1739 4923 latendum
1753 4885 1816 4941 pro·

163 4989 231 5032 xero
246 4972 381 5028 ridebitur
392 4969 489 5037 simile,
503 4968 574 5039 quod
586 4968 702 5024 Cecilius
717 4967 788 5038 (cop.
805 4965 851 5036 ιι)
862 4981 966 5022 momo-
1015 4961 1156 5026 timuerit,
1173 4977 1205 5018 ex
1233 4962 1266 5017 iis
1286 4959 1411 5015 carnibus
1426 4958 1505 5029 plane
1519 4958 1615 5014 conici
1638 4959 1709 5015 bunc
1725 4971 1816 5034 tyrau·

160 5077 207 5124 rot
216 5065 377 5122 Maxentium
391 5077 424 5120 eo
442 5062 498 5129 die,
514 5075 568 5132 quo
583 5069 636 5116 tam
646 5060 744 5116 acriter
751 5058 784 5114 ad
792 5057 886 5114 Romae
897 5073 965 5129 pene
1015 5070 1114 5121 num,a
1124 5053 1300 5108 Constantino
1311 5062 1477 5118 superatum,
1488 5064 1521 5105 ac
1528 5048 1635 5105 Tiberis
1644 5052 1814 5109 submersum

162 5173 258 5216 mvvms
271 5156 449 5228 pugnabatur,
464 5153 596 5226 publicos,
621 5167 651 5208 se
678 5159 821 5220 praesente,
846 5150 923 5206 ludos
937 5150 965 5207 in
1017 5147 1105 5214 undis,
1121 5159 1216 5200 revera
1237 5141 1362 5214 periisse.
1380 5141 1495 5196 Cerilius
1520 5149 1621 5204 autem.
1636 5143 1706 5198 sicut
1721 5152 1749 5200 et
1762 5144 1815 5201 Bu-

163 5252 238 5308 circo
258 5248 384 5304 edidisse.
405 5245 455 5303 Cui
474 5248 547 5302 euim
568 5244 696 5301 credibile
715 5243 761 5300 det
775 5245 965 5316 imperatorem
1016 5238 1136 5305 cherlus,
1152 5236 1249 5292 asserit
1267 5233 1355 5298 illum,
1371 5233 1409 5287 uti
1424 5230 1674 5299 animadvertimus,
1691 5236 1726 5292 ibi
1742 5252 1815 5293 mor-

163 5345 349 5417 populumque
367 5342 516 5398 Miimanum
540 5341 583 5398 his
602 5340 672 5396 ludis
695 5348 723 5395 ct
742 5339 965 5396 oblectationibus
1017 5325 1289 5390 transtiberinis,
1304 5324 1367 5379 unni
1393 5323 1515 5380 videlicet
1534 5323 1598 5390 sta,
1612 5340 1666 5396 quo
1678 5326 1723 5382 die
1740 5330 1817 5399 quim

162 5438 251 5495 luisse
271 5446 440 5507 occupatum,
455 5451 517 5491 cum
531 5434 616 5491 bostis
631 5433 814 5490 formidandus
826 5434 859 5488 ad
875 5443 965 5504 portas
1015 5425 1153 5499 qaeunoiiu
1173 5422 1241 5493 cius,
1265 5418 1361 5490 inludi,
1385 5416 1596 5472 ‘mildam'-
1610 5415 1645 5473 Αἱ
1670 5420 1814 5490 tyrannidis

161 5530 247 5591 Urbis
260 5531 299 5587 sic
319 5528 508 5601 praeliabatur?
522 5528 576 5585 Sed
597 5528 641 5584 bic
657 5527 749 5585 Cecilii
763 5527 838 5583 locus
853 5527 964 5584 mutilus
1015 5534 1085 5574 auno
1098 5528 1178 5582 miv.
1196 5513 1234 5568 ιὶῑ
1247 5509 1372 5566 Aureum
1383 5507 1488 5574 Ἷῑθῑθιι
1502 5523 1555 5563 '¹⁰¹¹
1577 5523 1611 5565 ⁸⁰
1627 5510 1735 5581 (ibidem
1755 5520 1815 5567 ¹³¹¹·

161 5634 191 5684 et
204 5632 350 5694 corruptus
360 5630 412 5686 est,
425 5630 453 5678 et
466 5621 525 5678 sine
536 5621 648 5677 alterius
658 5620 760 5677 codicis
775 5618 885 5688 auxilio,
900 5617 964 5690 quid
1016 5621 1072 5668 tum
1084 5610 1220 5673 inchoato.
1233 5603 1282 5661 scd
1301 5611 1451 5675 cousumpta
1473 5617 1518 5674 per
1541 5600 1652 5659 desidius
1673 5604 1754 5670 renio,
1766 5618 1814 5662 seu

162 5718 213 5778 ille
223 5717 261 5773 ibi
274 5730 366 5773 revera
378 5713 489 5785 dixerit,
502 5716 571 5773 scire
583 5731 636 5772 non
649 5729 801 5786 postumus.
1017 5704 1159 5772 sexennio,
1173 5702 1196 5758 si
1210 5702 1314 5756 incerto
1327 5697 1480 5770 panegyrici
1503 5697 1640 5770 scriptori,
1655 5699 1734 5770 paulo
1751 5710 1814 5758 ante

199 5810 243 5870 Ad
262 5810 406 5879 decrero,
424 5810 497 5883 quod
518 5811 546 5868 in
565 5826 597 5870 ca
618 5807 734 5869 Cecilius
753 5809 909 5868 narratione
931 5809 965 5868 de
1017 5799 1137 5869 auitam,
1153 5794 1233 5854 fidem
1253 5792 1389 5862 babeas«
1408 5788 1444 5848 Ui
1455 5788 1585 5861 ipsum,i
1602 5790 1698 5862 inquit,
1714 5810 1725 5845 a
1741 5791 1814 5852 diem
