4142 6184
1913 37 2043 54 ““““-““-ν

311 201 365 284 uls
1028 231 1073 289 ta
1093 205 1245 292 nonnul.
1908 240 1966 300 ane

311 348 422 418 scripta,
435 360 496 419 quao
509 345 608 406 ibidem
621 348 655 406 nd
669 348 811 422 president
828 350 902 422 prius
915 350 996 407 missa
1009 365 1113 407 memn-
1126 354 1149 415 A
1163 357 1195 406 ut
1205 348 1304 420 sepios
1315 348 1446 418 diximus,
1457 349 1593 421 ecclcsiae
1604 353 1632 409 ia
1644 361 1741 411 mlum
1752 354 1890 428 pristinum
1902 357 1968 410 red-

311 451 413 499 rantur.
427 441 624 500 Nonnullnrum
639 444 748 517 quidem
762 445 855 518 opinio
867 454 909 502 est
921 445 1057 518 designari
1072 444 1112 502 le·
1162 443 1291 499 derentar.
1301 441 1451 513 Quemnam
1464 453 1554 500 aulem
1569 445 1692 503 toruus
1709 456 1752 505 est
1765 447 1896 517 liduius,
1910 448 1966 506 nisi

310 549 370 604 geru
394 535 571 594 allauimitm
590 537 690 606 latam,
716 546 858 610 pnslquam
876 553 892 593 a
907 538 1011 596 licinio
1024 539 1111 595 uictus
1162 538 1305 610 praesidem
1331 539 1366 596 ad
1388 555 1469 612 quem
1495 538 1613 621 cecilius
1641 545 1690 600 las
1712 544 1817 602 litteras
1841 543 1967 602 euectae

309 626 469 700 fugatusque
479 629 530 686 luit
541 673 550 700 ,
562 641 590 689 ot
601 647 683 705 quatu
699 633 833 691 Eusebius
844 632 976 706 mtegram
987 632 1112 703 descrip-
1161 631 1243 690 luisse
1252 642 1331 691 antea
1342 633 1464 692 dixerat?
1478 631 1532 704 lpsi
1544 634 1634 707 itaque
1658 635 1722 692 lmic
1739 636 1863 708 presuli,
1877 635 1966 694 Nico·

309 721 465 780 sinleum
481 723 524 780 les
539 724 1027 798 illa,posteluslugomsoucltr,lroc
1040 727 1112 784 lici-
1162 726 1259 783 median
1274 734 1337 784 tunc
1355 726 1481 799 degenti,
1494 727 1616 786 ficimus
1635 741 1683 787 cas
1705 728 1733 786 in
1754 743 1865 786 mutum
1884 728 1968 787 dedit

310 813 348 869 nii
359 815 451 872 edicto
461 816 567 874 uidettu
579 818 725 889 posterior.
738 818 825 876 illlam
838 819 936 892 mittar,
950 834 983 876 ac
994 818 1111 876 lortasse
1161 828 1207 874 aut
1218 818 1287 875 mitti
1298 819 1435 891 precepit

308 907 475 980 deperditam
495 909 542 966 illo
562 907 712 982 imperatur
724 909 872 968 deuotam.
887 909 1111 979 Qtdbusdrmin·
1197 911 1329 968 Ceterum
1345 924 1440 970 auctor
1449 924 1541 972 noster
1561 929 1613 972 nos
1636 914 1739 974 ibidem
1756 917 1876 975 manuos
1898 931 1966 976 esse

308 1017 391 1073 super
405 1003 492 1060 visunt
506 1012 550 1062 cot
559 1003 717 1063 adrsrltiuru
730 1007 899 1075 quantocius,
914 1005 1016 1063 ibidem
1031 1021 1112 1063 usur·
1161 1003 1287 1061 ruluiteo
1299 1004 1389 1062 edicto
1398 1006 1478 1062 finem
1494 1007 1649 1079 impositum
1663 1007 1749 1065 luisse
1759 1008 1961 1068 crudelissine

307 1106 411 1168 pamm,
430 1112 485 1155 nnn
503 1099 582 1157 bonan
593 1113 656 1157 ease
667 1099 816 1157 latinitatis.
838 1100 892 1157 Alii
904 1115 969 1158 vero
988 1114 1042 1158 nos
1062 1100 1112 1157 ad·
1161 1097 1352 1166 persecutioni,
1367 1113 1447 1169 quarn
1462 1098 1646 1157 Diocletianus
1665 1100 1693 1157 iu
1707 1100 1873 1158 mudum
1887 1101 1966 1160 etra-

308 1202 419 1247 ntnnont
433 1191 498 1250 illud
512 1208 529 1249 a
542 1192 649 1264 septimi
663 1192 796 1250 Εονῦονίον
812 1194 907 1251 seculi
927 1194 1111 1266 scriptoribus
1162 1190 1384 1246 toleratorum
1399 1206 1475 1259 sero,
1485 1206 1541 1264 quo
1560 1192 1606 1249 illa
1627 1192 1746 1260 durarit,
1760 1195 1914 1263 &mumius
1926 1194 1965 1252 ub

307 1283 559 1341 adhibendorum
579 1285 641 1341 illos
661 1283 775 1342 loreiaau
796 1285 864 1358 legit
876 1285 1111 1343 camdumdictie-
1161 1284 1220 1355 ipso
1230 1283 1405 1357 designatur:
1423 1286 1494 1344 «Sic
1510 1287 1546 1343 alr
1566 1302 1664 1345 eversa
1677 1286 1907 1360 conludensque
1925 1288 1965 1346 ad

308 1378 410 1433 nemin
427 1376 518 1448 alicua
533 1377 615 1434 etium
630 1378 745 1434 inveniri
759 1377 872 1436 lionorii
887 1380 1059 1450 imperaturis
1073 1378 1112 1437 le-
1161 1375 1326 1445 testitutaur,
1342 1377 1453 1434 luerunt
1463 1377 1528 1434 anni
1552 1378 1660 1447 decem,
1676 1393 1785 1436 menses
1796 1380 1859 1450 plus
1871 1381 1966 1437 mutus

306 1484 357 1540 ge,
380 1485 460 1540 quam
474 1470 572 1527 eruditi
587 1485 659 1528 anno
673 1470 776 1529 Cltrisu’
788 1470 845 1530 stt
859 1471 941 1529 lnam
951 1485 1111 1530 mann·
1161 1480 1287 1541 quatuor.
1306 1490 1317 1524 r
1335 1471 1370 1527 lt
1382 1487 1453 1544 quae,
1469 1471 1568 1530 ornabo
1590 1481 1630 1541 tc,
1641 1471 1757 1530 ecdesia
1767 1473 1805 1529 lui
1822 1489 1965 1532 metuon-

308 1570 408 1618 tarunt.
1162 1572 1216 1630 tur,
1232 1563 1283 1619 uisi
1296 1562 1520 1632 Nicomediensis,
1534 1580 1595 1637 qne
1621 1564 1811 1622 uioctctiancae
1829 1581 1965 1637 pesecu-

342 1655 382 1711 rld
399 1654 459 1712 laroc
471 1668 537 1712 reru
549 1653 658 1726 quidam
681 1654 852 1727 suspicantur
872 1670 927 1712 nun
948 1655 1036 1714 solunt
1050 1669 1111 1712 cnr·
1163 1656 1244 1712 donis
1256 1655 1334 1713 initio
1350 1670 1457 1725 creusa,
1473 1666 1534 1728 post
1558 1654 1625 1712 illud
1639 1653 1736 1712 Licinii
1749 1655 1868 1714 ediuun
1882 1658 1967 1715 resti·

306 1756 383 1817 rupta
397 1788 405 1814 ,
425 1746 473 1803 sud
497 1746 635 1802 intellectu
654 1746 737 1802 ctiam
760 1746 879 1803 difficilia
891 1762 952 1804 csse
963 1762 995 1804 ea
1007 1746 1107 1815 umba,
1121 1747 1146 1811 B
1161 1757 1217 1804 tuta
1228 1748 1290 1805 est?
1300 1746 1397 1804 Nonne
1410 1750 1482 1804 euim
1494 1747 1551 1815 ille,
1567 1748 1605 1803 uti
1623 1747 1750 1815 uidimus,
1765 1748 1967 1818 pernoctationis

305 1856 366 1912 quse
378 1840 534 1897 moenium
545 1839 610 1896 illud
625 1841 662 1894 ita
670 1840 873 1912 ,sulseqnnruur
885 1859 892 1895 :
909 1859 920 1894 ο
936 1841 1105 1912 Quantociut
1156 1839 1229 1895 illius
1242 1837 1349 1895 initium
1360 1839 1466 1895 orditur
1478 1838 1635 1910 mhujtmee
1649 1839 1772 1896 ecclesus
1795 1840 1966 1898 destructio-

304 1932 419 1989 rrddant
432 1933 514 1990 etiam
528 1933 570 1989 rel
588 1933 633 2004 qtti
646 1931 721 1989 dono
744 1942 824 1990 erunt
835 1935 993 2002 consecuti,
1015 1933 1040 1989 si
1055 1948 1105 2005 pu-
1156 1931 1208 1988 uei
1220 1930 1285 1988 lodo
1298 1931 1392 2002 igitur,
1406 1930 1523 1998 horest,
1538 1931 1683 2001 aseptimo
1696 1931 1797 1988 mensis
1816 1930 1965 1989 Februarii

304 2026 419 2081 tovcrint
430 2024 464 2081 de
474 2033 567 2082 nostra
576 2024 764 2082 beneroleou'a
772 2025 886 2097 aliquid,
896 2025 1106 2095 vicariumpos-
1155 2024 1200 2082 die
1212 2025 1275 2082 anni
1292 2023 1347 2082 505
1361 2040 1416 2096 quo
1430 2023 1518 2080 diruta
1532 2024 1579 2080 luit
1591 2023 1650 2080 llaec
1662 2023 1789 2094 ecclesia,
1805 2039 1841 2080 ac
1853 2025 1966 2083 liiucle·

303 2117 408 2183 tulcut,
426 2132 480 2187 quo
492 2116 596 2188 stipsis
610 2132 659 2188 por
674 2127 794 2172 nostram
814 2117 989 2174 clementiani
1005 2131 1105 2173 consu·
1154 2117 1243 2173 tionum
1258 2115 1292 2172 ad
1306 2114 1473 2173 chusuanos
1483 2115 1686 2188 persequendos
1695 2129 1840 2187 aggressus
1852 2125 1966 2182 est,us·

304 2212 385 2268 latur.
402 2231 414 2265 ν
428 2209 519 2284 Aliqui
533 2214 607 2268 enim
629 2211 785 2268 ominantur
798 2227 848 2282 pro
867 2213 943 2267 etism
954 2211 1103 2268 emcndan-
1154 2224 1206 2281 que
1217 2208 1251 2265 ad
1271 2208 1324 2264 hoc
1334 2205 1430 2264 Licinii
1443 2208 1575 2274 edictum,
1600 2222 1673 2264 auno
1699 2208 1764 2275 ste,
1777 2207 1822 2266 die
1839 2209 1875 2265 ts
1887 2207 1965 2266 dutrii

301 2303 367 2360 dum
382 2303 1042 2379 ctjoucnliiecito;aeprodonoernut,quidum
1056 2304 1104 2358 do·
1154 2303 1257 2372 datum,
1271 2310 1463 2373 computantur
1486 2302 1550 2358 anui
1576 2300 1682 2370 decem,
1705 2315 1812 2358 menses
1839 2310 1897 2358 tres
1922 2318 1960 2359 ac

302 2412 335 2451 no
349 2396 469 2466 summ,
482 2396 529 2453 alii
539 2399 607 2450 dono
619 2407 708 2463 eruut,⁸
732 2396 796 2452 item
809 2410 861 2467 pro
875 2396 1038 2467 pmoumirtl,
1054 2394 1105 2451 ali·
1154 2393 1213 2451 dies
1228 2394 1426 2451 novemdecim.
1444 2392 1499 2449 Sed
1513 2392 1630 2450 cecilius
1645 2393 1736 2450 dicore
1751 2392 1846 2449 maluit
1860 2410 1965 2450 mea

300 2489 347 2560 qui
358 2490 521 2560 optulerint,
535 2487 582 2545 alii
594 2488 658 2544 addi
671 2487 764 2545 uolunt
779 2489 934 2560 poscendam
947 2489 1101 2561 pmoocrint.
1154 2488 1214 2558 plur
1228 2487 1312 2542 minus
1331 2496 1452 2558 quotuor,
1468 2486 1635 2557 numerisque
1659 2485 1790 2542 momenti
1807 2499 1869 2542 esse
1892 2501 1962 2543 cen·

300 2582 421 2656 lienique
435 2583 524 2638 morti
540 2583 650 2639 nomino
665 2582 775 2653 quidam
791 2596 836 2638 ret
850 2581 1043 2650 restituendas,
1060 2583 1103 2639 tol
1153 2578 1338 2648 suitdiorum‚
1353 2595 1436 2652 supra
1461 2577 1569 2634 tertium
1588 2592 1710 2636 mensem
1724 2576 1893 2648 elapsurum,
1907 2594 1962 2636 uu·

298 2677 369 2732 sicut
378 2675 564 2749 jurisconsulti
577 2676 734 2749 loquuntur,
748 2676 941 2733 indemnitatem
953 2676 1103 2749 significari
1154 2688 1259 2732 merum
1269 2672 1400 2730 indicare.

298 2766 473 2825 arbitrantur.
494 2769 547 2825 atii
558 2782 623 2825 nero
638 2768 725 2824 uirum
737 2769 868 2840 aliquem,
882 2769 927 2841 qai
940 2768 1041 2839 iudicia
1058 2767 1104 2825 uel

297 2862 418 2932 preelecti
430 2869 506 2932 gerat
518 2860 608 2924 tices,
626 2870 657 2917 et
677 2860 806 2916 damnum
819 2860 1020 2918 resarciendum
1035 2859 1103 2917 dcli-

293 2951 364 3022 nial.
379 2952 477 3009 Verum
492 2951 624 3008 Eusebius
636 2950 695 3008 uec
706 2952 954 3023 clariussicgraece
965 2951 1100 3009 reddidit:

297 3044 329 3103 Εἴ
345 3068 410 3110 τινος
427 3049 494 3104 κατὰ
507 3043 588 3123 δῶρον
601 3048 768 3120 τυγχάνωσιν
785 3046 914 3120 εἰληφότος
932 3047 993 3109 τοὺς
1007 3046 1101 3110 αὐτοὺς

1456 2821 1605 2866 turtcuttts
1623 2821 1661 2863 Π.

1156 2923 1291 2992 Quomodo
1315 2924 1430 2981 Licinius
1454 2922 1629 2980 dduniminom
1651 2923 1790 2991 imecarm,
1813 2923 1849 2977 ad
1870 2939 1961 2979 nean

1189 3018 1238 3072 ridi
1253 3015 1327 3073 Tomi
1348 3013 1484 3071 incilicia
1509 3013 1717 3071 conscimordom
1741 3013 1906 3084 compulerit,
1926 3031 1961 3068 oc

295 3138 405 3204 τὸπονς,
419 3133 488 3199 ὅπως
503 3138 526 3193 ti
544 3145 598 3200 τοῖς
614 3138 698 3199 αὐτοῖς
710 3144 877 3213 χριστιανοῑς
898 3140 943 3198 τήν
965 3133 1134 3209 ταχίστννΰ
1189 3127 1289 3166 'mma
1310 3125 1396 3166 “mm
1414 3109 1520 3181 wmm'
1534 3125 1635 3164 mmm
1654 3109 1960 3213 ‘qm'mffm'

1187 3218 1247 3257 rum
1259 3204 1376 3274 stirpem,
1387 3217 1522 3272 ournerquc
1546 3217 1635 3257 corum
1656 3201 1749 3256 ltdmor
1766 3202 1957 3274 eumpooordt,

1187 3296 1231 3350 udi
1241 3296 1269 3350 iu
1284 3295 1374 3365 primia
1387 3294 1418 3349 de
1432 3290 1549 3349 Valerio.

295 3234 549 3292 ἀποκαταστήσωσιν
568 3230 662 3297 οὕτως.
688 3229 704 3291 ἦ
726 3229 915 3306 οἶῆγορακὸτος
928 3230 990 3291 τοὺς
1000 3230 1100 3294 αὐτοὺς

295 3325 400 3391 τόπους,
414 3324 539 3385 inimi
551 3322 650 3401 δωριάν
668 3323 794 3397 &pitu
813 3324 911 3379 alvom
924 3344 950 3379 τι
967 3322 1040 3399 παρὰ
1052 3329 1099 3387 τῆς

295 3419 422 3494 ἡμετέρας
449 3416 659 3493 solempnem,
696 3416 857 3493 specillum
880 3423 918 3490 τῷ
946 3417 991 3471 inl
1014 3414 1100 3470 τόπων
1187 3407 1349 3465 Nicomediae
1357 3406 1476 3466 Licinius
1487 3423 1536 3480 per
1547 3406 1650 3480 aliquot
1664 3406 1733 3476 dies,
1746 3423 1779 3464 ac
1788 3418 1855 3480 post
1868 3408 1954 3467 latum

292 3511 405 3590 ἐπάρχῳ
424 3506 560 3575 δικάζοντι,
584 3504 654 3570 ὅπως
673 3509 716 3563 atad
736 3509 820 3565 αὐτῶν
842 3503 886 3563 διὰ
906 3515 953 3571 ric
970 3509 1098 3588 ἡμιτέροις
1150 3503 1276 3574 superius
1296 3502 1424 3568 ediclum,
1446 3503 1745 3569 communiu3,1linet·i
1767 3518 1828 3560 sese
1850 3514 1946 3574 postet

294 3603 477 3681 χρηστότητος
501 3601 607 3677 πρόνοια
628 3602 732 3675 γένηται
756 3597 877 3670 (Emer.
897 3600 942 3655 til.
960 3614 978 3653 ι
993 3597 1094 3654 Hister.
1150 3609 1213 3651 curn
1228 3596 1349 3652 exercitu
1370 3609 1420 3652 suo
1431 3593 1465 3650 ad
1478 3592 1674 3664 insequendum
1688 3593 1864 3654 llaxituinuor
1879 3611 1953 3654 onm-
2035 3657 2036 3666 ,

292 3695 394 3762 erclen,
408 3709 467 3765 cop
482 3689 523 3762 5).
535 3708 545 3742 ο
560 3689 589 3747 Si
600 3691 645 3762 qul
656 3690 752 3747 eadem
767 3689 826 3747 loca
842 3689 916 3747 drino
930 3689 1096 3759 acceperint,
1151 3688 1235 3744 misit.
1248 3688 1278 3745 ln
1290 3688 1370 3745 Tauri
1383 3698 1473 3745 autem
1502 3688 1602 3744 ruentis
1625 3687 1758 3757 laucilms,
1772 3689 1854 3747 sicuti
1868 3704 1951 3763 expo·

293 3797 322 3844 ut
336 3783 662 3858 caprotinusclaristianis
675 3784 798 3841 reddant.
813 3782 923 3854 Quodsi
936 3784 981 3857 qui
996 3784 1098 3840 cnloca
1149 3785 1266 3853 suimus,
1300 3784 1345 3841 hic
1365 3800 1394 3842 se
1416 3783 1513 3841 ualidis
1538 3784 1746 3856 propugnaculis
1768 3800 1802 3841 ac
1829 3785 1948 3843 turribus

292 3890 435 3947 emerunt,
457 3887 502 3934 aut
517 3877 617 3935 donata
636 3887 810 3949 acceperunt,
838 3877 939 3949 aliquid
965 3892 980 3931 a
1003 3886 1096 3933 nostra
1149 3877 1294 3934 munierat.
1307 3876 1361 3934 Sed
1376 3876 1469 3934 iudea
1484 3876 1588 3933 Licinio
1603 3874 1744 3948 depulsus,
1760 3875 1876 3934 Tarsum
1889 3888 1948 3936 tan·

291 3973 432 4032 clementia
443 3983 538 4044 perere
553 3972 648 4039 uelint,
662 3972 681 4028 ii
695 3972 865 4044 praelectum,
876 3972 921 4043 qrri
930 3971 958 4026 iu
975 3970 1020 4027 illu
1031 3987 1096 4043 pro-
1148 3969 1210 4026 dcm
1225 3968 1354 4042 confugit.
1369 3967 1464 4040 Neque
1477 3978 1568 4025 tamen
1584 3968 1620 4024 ibi
1634 3968 1715 4024 tutior
1727 3969 1787 4026 luit.
1799 3968 1865 4026 Nam
1876 3980 1946 4027 terra

290 4071 379 4127 vincia
390 4069 436 4140 jus
450 4066 532 4134 dicit,
554 4065 667 4134 adeant,
681 4075 712 4122 ut
724 4081 739 4121 a
751 4073 843 4122 nostru
857 4065 1001 4121 serenitate
1025 4064 1095 4121 ratio
1149 4063 1270 4136 marique
1283 4062 1447 4135 abejusdcm
1460 4062 1555 4120 Licinii
1577 4062 1697 4119 exercitu
1720 4063 1858 4131 obsessus,
1875 4080 1944 4133 enm,

291 4167 413 4238 ipsorum
428 4162 569 4219 habeatur.
583 4178 593 4215 r
606 4158 705 4231 Siquis
719 4169 808 4216 tamen
820 4156 967 4215 contendit
982 4172 1035 4213 unu
1050 4173 1095 4214 sa·
1147 4154 1183 4214 de
1195 4173 1247 4230 qua
1266 4171 1317 4214 nos
1336 4171 1418 4229 supra
1441 4156 1629 4223 disseruimus,
1654 4172 1748 4213 necem
1771 4156 1826 4215 sssri
1845 4157 1946 4215 iulerre

291 4254 451 4313 tisuGraecn
461 4252 579 4311 Eusebio
589 4261 759 4325 perspectam
774 4249 857 4306 iuuisse
872 4248 1016 4305 latinorum
1033 4263 1094 4304 ver·
1146 4259 1258 4307 coactus
1269 4256 1321 4306 est.

289 4348 386 4405 imum
401 4345 645 4420 significationem,
661 4344 724 4402 ltuic
738 4352 812 4401 certe
826 4342 876 4398 uisi
902 4341 927 4397 id
941 4350 1014 4398 rectc
1029 4355 1093 4413 pro·
1183 4340 1303 4402 Licinius
1312 4343 1414 4415 itaque,
1426 4358 1561 4402 summam
1576 4359 1665 4402 rerum
1679 4343 1804 4416 adeptus,
1818 4345 1944 4418 reliquant

289 4441 410 4507 barcrit,
435 4438 523 4511 potius
545 4435 726 4509 exspectanda
747 4445 790 4492 est
806 4433 936 4492 Ceciltaui
952 4442 1043 4491 textus
1056 4449 1091 4489 ex
1147 4443 1336 4508 tyrannorum,
1351 4438 1396 4509 qui
1413 4447 1485 4494 conta
1509 4437 1707 4495 inhumanitate
1733 4438 1761 4495 iu
1784 4437 1945 4497 christianos

289 4531 342 4590 ullo
356 4528 631 4599 codiceeutoudatio,
648 4544 730 4602 quam
743 4528 818 4584 ranis
832 4525 968 4601 aliquibus
986 4522 1134 4598 conice-D
1150 4530 1311 4598 sancierant,
1323 4531 1435 4603 stirpem
1447 4546 1479 4588 ac
1501 4533 1657 4604 progeniem
1683 4532 1814 4590 radicitus
1838 4533 1943 4590 emisic

289 4626 359 4682 luris
370 4623 573 4696 indulgendum.
1143 4622 1253 4680 Etenim
1267 4625 1295 4680 io
1308 4627 1410 4697 primis,
1426 4626 1512 4697 inquit
1525 4626 1651 4694 cecilius,
1666 4645 1676 4680 ‹
1691 4627 1839 4696 Valerium,
1864 4643 1941 4700 quent

325 4717 355 4774 ln
368 4715 515 4773 sanctionis
526 4714 606 4785 lunius
619 4710 672 4770 Eue
687 4711 847 4783 lmperator,
856 4709 1087 4783 quemadmodum
1143 4717 1469 4788 Maximinugimfflgm
1483 4720 1645 4794 9051qu
1669 4722 1793 4794 quanm,
1808 4737 1868 4778 cum
1889 4720 1942 4778 ,gg

289 4810 325 4868 ait
336 4808 462 4876 Cecilins,
478 4805 599 4880 precipit
612 4805 722 4876 insuper
735 4813 764 4861 ut
784 4803 828 4859 illa
850 4801 1005 4874 proferatur
1026 4819 1090 4875 pro·
1142 4813 1247 4870 videret
1258 4828 1319 4871 esse
1333 4814 1512 4885 pereundum,
1524 4815 1613 4873 luerat
1624 4817 1882 4875 numennumen...
1893 4830 1941 4874 ne·

288 4912 431 4979 grammate
440 4902 578 4975 presidis,
590 4915 677 4973 eoque
686 4899 786 4956 munita
797 4898 824 4954 in
834 4900 954 4955 omnium
963 4895 1088 4954 notitiam
1142 4905 1299 4978 earijnseic.
1316 4926 1326 4962 r
1343 4906 1471 4977 implam
1484 4909 1511 4964 in
1525 4908 1620 4966 codice
1633 4919 1727 4966 nostro
1747 4910 1938 4980 marsupon,

288 4998 480 5059 ventactlutla
494 4994 666 5067 tameuapud
681 4993 827 5051 Eusebium
843 4991 924 5065 lurtjus
943 5005 1087 5064 program-
1142 5007 1171 5053 ct
1184 4997 1312 5068 iuprlmn
1332 4998 1412 5070 hujus
1430 4998 1490 5054 libri
1511 4998 1640 5056 editione.
1655 4999 1756 5058 Verum
1778 4999 1938 5058 recentiores

287 5097 370 5155 matis
393 5107 523 5166 expressa
542 5091 654 5157 mentio,
678 5088 728 5146 sed
752 5086 873 5159 ejusdem
894 5094 998 5142 tantum
1020 5083 1089 5156 legis
1142 5087 1230 5145 critici
1243 5088 1359 5145 unanima
1375 5088 1495 5161 proiecto
1514 5090 1690 5149 contentione
1716 5106 1810 5149 secum
1832 5090 1865 5148 de
1885 5089 1936 5148 isto

288 5188 389 5260 ubique
414 5182 593 5256 publicandae.
619 5180 832 5254 Programmrtls
859 5188 950 5236 autem
977 5176 1089 5262 nomine
1145 5179 1255 5237 Valerio
1264 5179 1412 5237 decertant.
1424 5181 1537 5252 Quidam
1549 5183 1623 5239 enim
1644 5182 1749 5240 nullum
1777 5193 1839 5241 tnnc
1857 5180 1936 5238 inim

288 5277 523 5339 indicaturtabula
536 5275 644 5351 publice
669 5275 819 5348 proposita,
843 5273 871 5328 in
894 5285 948 5345 qua
969 5267 1090 5327 doscrtld
1144 5271 1281 5329 Valerium
1290 5272 1488 5338 existimantes,
1497 5271 1935 5346 opinatisnntdepraratnmluisse

288 5372 383 5430 debuit
395 5370 462 5428 illud
481 5369 576 5426 Licinii
597 5368 655 5424 site
677 5365 799 5438 presidis
813 5364 943 5433 edictum,
963 5376 1017 5434 quo
1043 5360 1090 5418 hic
1143 5364 1203 5422 ilia
1216 5364 1326 5423 librario
1353 5366 1479 5424 Auctoris
1501 5367 1586 5424 nostri
1613 5375 1729 5435 textum,
1743 5384 1777 5425 ac
1793 5367 1869 5425 scriltl
1884 5362 1934 5421 de·

288 5466 416 5525 mandata
428 5462 609 5534 imperatoris,
625 5458 791 5531 in'epistolis
810 5457 844 5515 ad
870 5472 900 5513 se
927 5454 1018 5512 missis
1032 5463 1089 5512 tra·
1143 5458 1246 5528 buissc,
1275 5456 1404 5515 Valeriam
1431 5476 1519 5530 quom,
1548 5460 1660 5517 minime
1690 5471 1779 5518 autem
1809 5456 1931 5513 tumn

290 5557 505 5626 dimitriatam
522 5553 665 5624 publicari.
678 5552 801 5625 lienique
820 5549 937 5608 cecilius
959 5548 1063 5606 addidit
1080 5566 1088 5603 :
1142 5566 1228 5623 quem.
1244 5552 1421 5627 Suspicautur
1432 5564 1521 5611 autern
1537 5554 1606 5610 hanc
1619 5554 1753 5612 Valeriam
1766 5567 1824 5611 esse
1835 5547 1930 5609 uteri

292 5649 342 5706 llis
356 5649 448 5704 litteris
462 5645 610 5719 propositis,
630 5644 708 5700 otium
728 5644 802 5699 cerlo
817 5643 933 5698 lrortotur
945 5651 994 5709 cst,
1006 5641 1089 5699 nimi·
1143 5645 1447 5718 imperatorisutoretu,
1462 5649 1654 5722 qunpostviri
1669 5649 1713 5706 soi
1737 5658 1843 5705 mortem
1854 5641 1929 5699 olu-

291 5756 352 5800 rum
363 5739 494 5810 Licinius,
508 5746 537 5795 at
548 5736 735 5804 commemo,
748 5735 775 5794 id
787 5744 840 5806 est,
864 5736 1089 5805 christianorum,
1142 5743 1199 5792 tutu
1215 5737 1278 5809 sini,
1298 5737 1473 5808 utidirimus,
1489 5739 1627 5799 Maximini
1647 5737 1814 5814 imperatoris
1836 5731 1924 5808 ted·-
