4142 6184
307 220 380 283 roso
829 189 832 195 ”
947 228 1126 291 serenent
1143 217 1313 297 recubos.
1854 269 1910 332 „p

303 360 402 416 pacem.
429 342 540 417 Propter
559 344 628 414 quod
643 345 767 403 traducti
784 346 882 405 lumbos
898 354 1102 423 suentisiorum,
1117 358 1184 420 Aut
1203 362 1299 431 aceepit
1312 364 1423 435 pretium
1436 366 1464 421 iu
1485 367 1636 426 alternum
1649 371 1717 429 iliam
1728 377 1901 444 ιάιιὶιίιιιιιιιι

302 437 390 502 cabrii,
404 435 521 508 perlecti,
532 447 634 509 operate
645 439 674 494 in
683 456 751 502 eam,
762 457 818 512 pute
830 441 937 511 affatur
949 447 1028 514 oobir,
1044 465 1105 521 pra·
1155 451 1221 506 ciem
1234 451 1295 508 boni
1307 455 1496 526 dispensatores
1511 462 1673 534 multiformis
1681 470 1763 538 pade
1772 469 1823 529 liei.
1833 476 1859 531 st
1868 431 1911 545 prb:

302 526 364 582 tium
374 527 562 585 inreuelatione
574 527 639 584 iesu
650 529 761 600 Gbrirti,
776 533 850 603 quasi
869 534 919 603 pilii
938 535 1101 607 obedientior,
1155 544 1912 639 loquiur,quasieermonesliei.·dpunmiuirrranrmpw„

301 634 353 674 nou
373 618 527 692 conpipurati
540 621 668 694 prioribus
679 623 832 694 ipnorantite
845 636 935 683 uestra
948 628 1102 699 desideriis,
1155 638 1296 707 carimate,
1307 656 1383 711 paam
1396 643 1560 700 administrat
1571 644 1654 715 neu,
1664 650 1724 706 utin
1735 655 1838 712 cornibus
1850 660 1913 717 bono.

299 711 346 767 ted
357 712 496 768 seeundum
509 730 577 784 eum,
589 716 632 786 qui
641 716 737 771 rocauit
747 732 809 786 uor,
830 729 963 786 ranetam,
977 730 1004 776 ut
1018 732 1042 777 et
1052 721 1105 794 ipsi
1155 729 1270 799 rideatur
1278 729 1350 788 Deus
1364 750 1409 803 per
1418 733 1510 792 lerum
1519 737 1658 807 Cbriotum,
1672 745 1712 798 eui
1724 756 1758 800 est
1767 748 1840 818 ptortp
1849 755 1912 808 rpem.

298 803 380 860 rancti
394 805 501 861 inomni
513 808 702 864 conuersatione
721 809 795 876 ritis,
819 811 946 882 qnoniam
971 813 1102 884 scripturn
1154 822 1392 892 periuminuacuia
1401 829 1666 889 memoriaenon.
1680 834 1912 914 banlrierdisapri

299 894 1101 977 sittmo.rn;tt²etr.r):Sonenmrnpuomameporanetus
1154 911 1910 993 liell)ilancntioeillnxirnoririsclarissitnieeonsolibm.

298 1005 365 1044 rum.
390 988 426 1045 Et
440 990 463 1045 ei
477 1002 576 1061 patrem
589 991 713 1049 inuocatis
727 1010 800 1063 euno,
822 997 866 1067 qui
886 997 941 1052 sine
954 999 1103 1070 acceptioue
1440 1034 1609 1094 Eppspoffl
1628 1037 1664 1109 η,

261 1159 263 1170 1
300 1098 468 1155 patararum
475 1084 594 1158 judicat,
608 1085 747 1141 secuudum
760 1086 960 1161 uniuscujusque
973 1106 1053 1162 opus,
1075 1092 1102 1146 in
1245 1139 1379 1183 mm,
1391 1141 1465 1184 m
1475 1143 1484 1184 Ι
1495 1145 1529 1186 m
1542 1145 1698 1190 mmm
1706 1149 1844 1195 „mm

299 1174 390 1230 timore
410 1174 535 1231 incolatur
551 1176 626 1232 uestri
645 1186 756 1250 tempore
769 1181 970 1249 canuerramini,
993 1182 1102 1239 scienter
1171 1215 1454 1285 &mmmmm
1477 1228 1507 1274 u,
1517 1223 1616 1277 desim,
1633 1228 1721 1279 mim
1739 1229 1761 1279 in
1772 1229 1894 1287 cmm

299 1265 369 1338 quad
395 1282 447 1321 nan
474 1267 648 1341 corruptibili·
658 1284 722 1324 aura
734 1268 773 1325 oel
784 1281 888 1342 maenio
901 1271 1027 1345 redempti
1043 1274 1102 1329 ertir
1457 1262 1465 1288 '
1896 1276 1901 1287 ’

299 1359 332 1415 de
356 1376 423 1416 uana
457 1370 541 1417 uestra
577 1360 768 1418 conomuatiane
797 1372 911 1434 paterna
933 1365 1099 1435 traditionis,

298 1452 343 1509 sed
370 1454 480 1527 pretioso
505 1457 629 1527 eorpuine
658 1455 725 1528 Apri
757 1456 830 1528 quari
855 1457 1049 1515 incontarninati
1077 1470 1103 1517 er
1190 1449 1195 1462 ’

296 1546 457 1603 inmaculati
472 1545 536 1603 iesu
559 1545 666 1616 Cariati,
684 1550 833 1623 pracopniti
842 1549 946 1621 quidem
966 1561 1027 1607 aute
1040 1568 1102 1609 eon·
1188 1551 1313 1626 ilassistra
1341 1555 1473 1614 bonorum
1502 1559 1624 1616 omnium
1646 1561 1821 1635 charitonis.
1837 1561 1913 1639 drop,

297 1641 455 1700 ttitutiorrcm
467 1643 567 1711 muudi,
582 1645 741 1718 manifestati
753 1654 839 1702 autem
851 1646 994 1703 naoirdnrir
1004 1656 1101 1722 tempo·
1153 1660 1195 1716 ep.
1206 1646 1270 1715 tlt,
1283 1647 1329 1704 lib.
1341 1649 1402 1720 rur),
1414 1665 1475 1723 qnae
1486 1651 1553 1707 nillil
1566 1654 1635 1723 rapit
1644 1663 1805 1723 extraneum,
1813 1657 1915 1728 nibilagit

297 1734 383 1803 ribos,
399 1745 503 1810 propter
516 1752 574 1806 uas,
588 1738 631 1806 qui
644 1754 689 1810 per
700 1738 785 1810 ipsum
805 1738 894 1808 pidcler
915 1739 974 1795 eatis
989 1740 1017 1794 in
1032 1737 1099 1809 Deo,
1115 1750 1290 1817 Bosporum,
1304 1738 1372 1796 nihil
1386 1740 1540 1809 confusum,
1555 1742 1623 1799 ninii
1635 1745 1781 1816 laetiorum,
1796 1748 1852 1804 niiril
1861 1750 1915 1821 qnod

297 1829 341 1900 aui
353 1829 482 1885 rusdtaoit
493 1845 551 1885 eum
562 1847 579 1884 a
590 1830 707 1899 uuortuir,
720 1840 745 1885 et
754 1830 824 1885 dedit
834 1830 987 1903 eipioriarn,
1000 1840 1028 1886 ut
1038 1832 1103 1902 fider
1154 1828 1251 1886 horrori
1265 1830 1355 1889 divino
1368 1843 1508 1907 mpngnet,
1525 1837 1623 1893 atrimae
1639 1841 1753 1911 proprie
1772 1851 1867 1908 noceat,
1878 1851 1914 1899 art

297 1930 386 1977 uortm
397 1931 489 1994 etrpes
500 1931 565 1977 esset
578 1921 605 1976 iu
620 1919 675 1977 Deo
685 1937 695 1977 .·
707 1922 806 1978 animas
820 1932 916 1979 oestrus
928 1923 1102 1993 cartitieanter
1153 1923 1268 1993 proximi
1290 1926 1434 1983 commodo
1454 1926 1580 1999 deroget,
1596 1930 1681 1985 oblita
1694 1929 1743 1998 sui,
1758 1947 1804 1987 uon
1817 1948 1865 2004 rue
1879 1950 1915 1988 rra

296 2013 479 2072 inobedientia
491 2015 637 2084 claritatis,
652 2015 679 2069 iu
693 2014 863 2083 fraternitatis
876 2030 976 2088 amore,
990 2013 1103 2088 simplici
1152 2025 1224 2085 sunt,
1236 2018 1281 2073 red
1294 2035 1352 2089 qun
1365 2019 1413 2075 liei
1424 2022 1463 2077 uei
1477 2023 1589 2093 nociati
1598 2065 1605 2090 ,
1617 2040 1734 2094 ouoerem
1744 2025 1820 2098 (etot.
1835 2026 1867 2100 n),
1881 2042 1917 2083 re·

297 2122 329 2164 ec
340 2107 417 2164 eorde
426 2106 534 2163 invicem
544 2106 644 2180 dilipite
653 2107 789 2172 attentius,
805 2106 887 2162 renati
898 2123 951 2162 uon
963 2122 996 2162 eu
1008 2107 1104 2163 semine
1153 2109 1220 2166 mini
1239 2111 1377 2179 inridens,
1391 2116 1518 2172 erunibus
1531 2117 1696 2185 consulens,
1711 2133 1761 2174 non
1772 2119 1868 2175 seriens
1879 2118 1917 2176 sel

297 2198 474 2272 corruptibili,
495 2199 540 2255 sed
562 2197 749 2270 incorruptibili
772 2213 818 2271 per
838 2199 942 2254 uerbum
955 2198 1004 2254 liei
1016 2198 1065 2254 riui
1079 2208 1103 2253 et
1153 2204 1336 2276 compatiens,
1353 2220 1406 2261 non
1418 2209 1528 2277 rapiens
1538 2208 1585 2265 scd
1598 2208 1730 2280 largiens,
1753 2224 1799 2265 non
1820 2225 1918 2265 murno·
2000 2190 2001 2199 ἵ

297 2295 469 2363 permanentis
482 2305 491 2346 .·
506 2290 567 2363 quia
585 2290 668 2346 omnir
682 2305 743 2345 curo
755 2299 783 2344 ut
796 2292 902 2362 tenuat,
916 2298 940 2346 at
951 2290 1035 2345 ononis
1046 2290 1104 2361 pla·
1153 2309 1217 2351 rans
1228 2296 1276 2353 sed
1289 2296 1378 2354 omnia
1388 2298 1576 2369 equanimiter
1589 2300 1780 2365 tolerans,siin
1792 2298 1919 2370 teperlecte

297 2388 338 2443 ria
349 2388 406 2461 ep'ue
418 2396 548 2456 tamquam
564 2387 614 2458 rtur
627 2384 690 2456 [nri.
706 2384 816 2441 Ecaruit
831 2388 937 2458 terrum,
951 2395 975 2442 at
988 2386 1103 2457 daretur
1153 2386 1308 2455 babitaret,
1334 2398 1499 2460 temperares
1511 2391 1632 2446 animum
1647 2391 1760 2457 amalis,
1772 2391 1855 2447 sarire
1864 2390 1920 2446 iesi-

296 2478 716 2551 decidit,aerbumautemliombri
726 2478 845 2535 marotia
855 2477 1056 2535 aternumltoc
1066 2489 1104 2536 eut
1154 2496 1245 2550 neres,
1261 2480 1311 2537 Dei
1327 2479 1476 2538 Ecclesiam
1492 2492 1642 2539 acsanmoe
1658 2483 1717 2555 eius
1731 2482 1918 2554 memmieeusn

296 2585 382 2632 autem
399 2575 515 2642 uerbum,
530 2572 600 2646 quad
613 2573 817 2646 eoaupdiaatum
831 2581 868 2629 ert
880 2574 907 2629 in
922 2572 1001 2629 rabir.
1016 2573 1103 2644 Depo-
1153 2587 1209 2640 res,
1221 2573 1355 2645 tyrannidi
1369 2572 1479 2630 modom
1494 2574 1660 2644 imponeres,
1672 2573 1787 2631 lotorem
1795 2573 1919 2639 cohiberes,

298 2675 387 2725 neuter
400 2667 501 2739 quidem
512 2681 614 2721 amnem
623 2665 748 2722 maitium
757 2673 782 2722 ct
793 2680 894 2720 omnem
907 2663 1014 2733 dolum,
1027 2674 1053 2722 et
1066 2666 1103 2721 ri·
1154 2664 1314 2721 humanitati
1328 2664 1501 2737 invigilares,
1515 2665 1678 2722 modestiam
1693 2665 1920 2737 anplanrernm

295 2761 465 2826 mulationcs,
485 2768 510 2815 et
530 2759 656 2826 insidias,
675 2767 699 2815 et
718 2774 804 2815 omues
822 2756 1010 2826 detractiones,
1036 2759 1103 2814 sieut
1152 2757 1919 2832 bonisnonoribustranscurrerescbarttesentn(serap,

292 2853 374 2928 <modo
386 2851 598 2925 penitiinlanter,
609 2850 762 2906 rationabile
775 2848 901 2906 sinodale
914 2849 954 2904 lae
968 2848 1103 2920 coucupis-
1152 2848 1258 2923 ibidem)
1281 2859 1389 2908 exercet
1413 2850 1511 2919 corda,
1536 2865 1633 2907 sensus
1658 2852 1822 2919 corroborat,
1836 2851 1920 2907 utnibil

1172 1323 1324 1394 llarceilus,
1340 1328 1474 1401 epiecopus
1488 1340 1585 1387 sauctae
1597 1334 1741 1402 apostolica
1752 1344 1774 1392 et
1784 1338 1892 1396 catiaiiaa

1380 1422 1451 1479 urbia
1465 1422 1566 1492 Rome,
1579 1422 1718 1485 ilncentio.

272 2946 359 3012 .au'te,·
378 2939 407 3001 ut
420 2927 615 3000 ineoereseatis
633 2942 661 2998 in
676 2941 809 2998 arietem:
830 2941 853 2997 ri
872 2951 957 2996 tamen
981 2941 1100 3012 portatis,
1152 2960 1242 3017 prave,
1258 2944 1324 3002 niiril
1338 2943 1513 3011 dillicile,sed
1529 2955 1614 3000 toturn
1629 2942 1919 3018 liatdnioeouodapitrr,

294 3037 414 3110 quonium
429 3036 514 3093 duleis
524 3046 561 3092 est
572 3033 722 3092 Dumium:
741 3033 862 3107 adquam
875 3033 1021 3089 accedentes
1039 3033 1102 3105 lupi·
1152 3037 1217 3094 dum
1232 3038 1291 3110 ejus
1303 3038 1338 3094 sit
1351 3038 1490 3109 proprium
1506 3038 1609 3094 nutrire
1621 3038 1744 3109 nacillea,
1754 3051 1851 3094 serrere
1861 3050 1921 3092 con·

294 3131 352 3187 dnn
370 3132 471 3196 oleum,
486 3130 518 3186 ab
535 3129 680 3185 bominibus
693 3128 797 3201 quidem
810 3126 992 3198 reprobatum,
1014 3123 1136 3200 albeat]
1153 3131 1250 3202 posita,
1261 3129 1405 3187 dissociata
1419 3128 1598 3201 conjungere,
1614 3145 1697 3201 praru
1713 3127 1922 3201 dirigeremtrir·

294 3227 490 3281 autameleotum
503 3222 746 3292 etbooaribcatum,
761 3220 989 3294 etipritomquam
999 3218 1099 3291 lapidee
1152 3231 1223 3282 tutes
1245 3224 1362 3295 reliquas
1383 3222 1557 3294 perfectionis
1572 3238 1628 3278 sune
1650 3223 1796 3279 munimine
1817 3218 1920 3278 solidare.

294 3317 361 3382 uiri,
382 3315 625 3390 superadilicumiui
644 3313 733 3370 domos
750 3312 897 3386 spiritualer
915 3310 1099 3384 (lortedomus
1152 3315 1258 3387 [reipsa
1280 3330 1362 3385 ergo,
1378 3329 1472 3370 omnes
1489 3329 1605 3371 monens
1621 3313 1769 3386 Apostolus
1782 3317 1815 3370 ita
1828 3309 1922 3382 ioouitm
2000 3377 2001 3386 χ

293 3409 460 3485 spiritualia),
466 3409 638 3482 sacerdotium
647 3403 1097 3476 sanetum,offerrospiritualerbas·
1151 3405 1174 3478 (Ι
1186 3405 1248 3462 Gor.
1262 3405 1333 3477 rtur),
1347 3404 1440 3462 dicens
1454 3423 1461 3459 ι
1476 3405 1508 3463 si
1519 3405 1614 3478 iiupuie
1628 3406 1761 3461 leontinum
1774 3406 1922 3477 loannem

293 3507 354 3576 tias,
365 3503 532 3576 acceptabiles
544 3501 598 3557 Deo
610 3500 748 3573 perieram
754 3498 895 3557 Christum.
906 3498 1018 3570 Propter
1027 3498 1098 3571 quod
1148 3499 1432 3572 peiorum,eluaritatem
1442 3508 1529 3554 autem
1538 3514 1589 3552 tran
1597 3497 1718 3565 babeam,
1731 3493 1922 3569 tautummodo

291 3601 401 3658 continet
417 3599 578 3670 Scriptura:
602 3596 669 3653 licre
690 3613 757 3669 pono
774 3596 802 3652 in
816 3594 882 3652 Sion
896 3595 1012 3666 lapidem
1025 3611 1096 3651 sum·
1147 3610 1183 3651 ιιι
1194 3610 1288 3651 rorans
1302 3605 1346 3650 uut
1356 3593 1502 3667 cymbalum
1516 3592 1635 3648 tinniens.
1646 3591 1684 3647 Et
1697 3594 1719 3647 ri
1731 3592 1921 3647 iutueamur·

290 3710 380 3762 mum,
400 3691 552 3764 uapularem
564 3700 589 3746 et
602 3689 722 3757 electum,
737 3690 898 3761 pretiosum:
915 3696 939 3744 et
953 3689 998 3759 qui
1012 3689 1097 3745 credi·
1147 3686 1320 3760 propbctianr,
1331 3697 1354 3742 et
1365 3687 1477 3743 nouerim
1488 3686 1609 3758 mysteria
1619 3686 1720 3753 omnia,
1729 3694 1851 3741 etomnem
1860 3681 1923 3737 race-

236 3837 243 3854 ,
290 3786 357 3841 derit
369 3786 397 3840 in
410 3799 468 3840 eum
487 3800 538 3839 nan
552 3782 733 3855 contundetur.
751 3779 827 3837 l'abir
836 3780 914 3853 tpttur
937 3779 1019 3837 bonor
1041 3797 1096 3838 cre·
1145 3785 1371 3851 tiam,etbabuero
1385 3799 1485 3840 omnem
1496 3783 1627 3853 pidemita
1640 3782 1920 3849 utmamertrunrterart,

291 3877 425 3942 dentibus,
438 3891 490 3930 uon
503 3873 663 3930 credemibus
677 3880 763 3929 autem
776 3872 843 3944 lapis
852 3888 927 3942 quero
942 3873 1094 3945 reprobare·
1145 3877 1381 3933 ebaritatemuutem
1391 3875 1567 3940 nonbabeanr,
1578 3873 1761 3930 nibiirum.lit
1771 3868 1922 3929 ridsaibar

290 3979 351 4028 runt
364 3970 531 4040 aedificantes,
547 3968 589 4023 bric
603 3967 687 4037 factet
698 3976 735 4024 ert
747 3967 775 4022 iu
788 3975 865 4038 caput
875 3965 977 4039 cupuli,
989 3975 1015 4023 et
1026 3967 1093 4041 lapis
1144 3969 1172 4024 in
1185 3971 1253 4025 cibat
1264 3986 1407 4041 pauperum
1419 3985 1505 4025 omues
1513 3967 1649 4040 facultates
1658 3985 1741 4034 auor,
1756 3977 1779 4023 et
1790 3961 1922 4021 sitradr'dcru

289 4062 440 4133 offensionis
450 4102 458 4129 ‚
468 4069 492 4116 et
505 4069 578 4132 petra
591 4059 725 4125 scandali,
738 4059 778 4114 bris
792 4061 837 4129 oui
852 4057 986 4127 offendunt
999 4060 1091 4127 uerbo,
1144 4077 1236 4133 carpus
1251 4077 1346 4128 meum,
1361 4061 1398 4116 ita
1411 4047 1440 4114 ut
1459 4058 1575 4126 ardearrr,
1589 4058 1744 4114 claritatem
1753 4067 1833 4113 uatem
1840 4050 1923 4108 uarie·

289 4173 335 4214 uec
348 4155 491 4214 creduutiu
505 4153 677 4227 puoetpasiti
690 4161 760 4209 runt.
779 4149 831 4208 iar
844 4152 1092 4224 oranrpenraeteo·
1143 4151 1303 4221 beanr,niirii
1317 4153 1380 4209 milri
1392 4152 1637 4225 prodest.Cbteritar
1659 4146 1922 4225 praeumbrante

288 4259 354 4319 tum,
365 4250 451 4323 requie
461 4248 643 4315 sacerdotium,
659 4263 720 4318 pens
734 4254 840 4313 cancta,
855 4247 967 4318 papulus
980 4246 1091 4316 aequisi-
1142 4254 1190 4300 ert.
1207 4245 1326 4301 ctrornar
1336 4261 1388 4301 non
1401 4244 1547 4314 oemulatur,
1562 4261 1612 4301 non
1623 4248 1677 4316 opit
1687 4258 1829 4317 perperam,
1838 4254 1882 4295 nan
1893 4238 1923 4290 ir·
2000 4243 2001 4284 l

287 4345 381 4412 tionis,
398 4352 427 4400 ut
445 4344 549 4398 uirtutes
566 4340 723 4400 annuntietis
738 4343 813 4413 ejus,
827 4341 872 4409 aui
884 4340 917 4395 de
926 4340 1033 4395 tenebrir
1046 4355 1090 4396 uos
1141 4337 1232 4408 datur,
1247 4354 1300 4393 narr
1314 4339 1505 4407 ertantbitioea,
1520 4338 1676 4410 conquerit
1689 4343 1923 4406 memoratum

287 4439 386 4496 uooumt
398 4440 426 4498 in
439 4434 591 4492 admirabile
602 4435 689 4490 latrem
701 4449 786 4489 auum.
800 4431 887 4489 Estote
898 4449 974 4506 erpo,
988 4435 1088 4489 cbaris-
1142 4429 1267 4498 irritatur,
1282 4446 1334 4486 non
1345 4432 1443 4504 copitat
1454 4430 1566 4500 malum,
1580 4447 1632 4488 narr
1646 4431 1743 4503 pruriet
1761 4444 1834 4500 supa
1844 4423 1923 4495 isiaci·

287 4529 344 4586 rimi
354 4570 363 4599 ,
375 4528 531 4598 prudentes,
546 4535 571 4583 et
590 4524 693 4598 aipiiate
703 4525 730 4579 in
740 4524 909 4580 orationibus.
924 4523 991 4581 Ante
1003 4525 1089 4581 omnia
1142 4530 1208 4591 tate,
1232 4519 1374 4595 conportet
1395 4532 1482 4579 autem
1505 4522 1615 4578 ueritati.
1639 4521 1736 4578 Omnia
1748 4520 1843 4590 suffmt,
1854 4514 1925 4572 ontio

286 4630 373 4676 autem
381 4616 720 4685 mutuaminuabirmetipeis
729 4615 1087 4674 ebmttmeneanu’rtuomba·
1099 4613 1127 4674 Ι)
1138 4613 1228 4683 aedit,
1240 4613 1326 4670 onruiu
1339 4616 1442 4686 eperatj,
1455 4614 1542 4669 anania
1555 4614 1673 4671 cunina.
1688 4612 1924 4681 coniurauimus

286 4715 385 4780 omar,
402 4713 463 4818 Μ
481 4711 594 4818 {imit}
607 4709 688 4781 “iffi
702 4709 891 4810 millium
911 4718 1084 4815 ΨΜ·
1177 4747 1217 4821 (ι)
1230 4745 1309 4802 enno
1322 4747 1388 4813 eoo,
1402 4747 1544 4806 oteousrt
1564 4758 1682 4806 amorre
1693 4748 1723 4808 s.
1739 4745 1862 4814 stenen,
1874 4754 1922 4815 ne

286 4806 435 4881 Hospitaiet
445 4819 551 4861 truncam
561 4818 616 4860 atne
625 4808 842 4868 murmuratione,
853 4816 1086 4873 urrmmuammc·
1141 4819 1256 4890 comp
1267 4818 1311 4875 die
1324 4820 1358 4878 pp
1371 4818 1503 4877 rampo·

914 4924 1019 4984 NOTAE
1042 4924 1203 4990 severint
1221 4931 1312 4991 lilNll.

320 5042 691 5119 nemorumnemorum
709 5056 781 5098 anno
796 5039 861 5107 3⁰8.
875 5042 1021 5113 scriptam,
1036 5043 1086 5100 ad·
1139 5065 1199 5122 cap.
1213 5049 1260 5116 eo,
1275 5067 1286 5102 r
1305 5050 1350 5121 qni
1365 5049 1459 5106 nonae
1474 5052 1644 5123 tyrannam
1658 5067 1795 5123 aarum
1807 5043 1922 5109 oestron.

284 5119 459 5177 tiliamentum
470 5116 578 5201 aliquod
587 5115 754 5196 extrinsecus
764 5113 912 5195 accepisse,
923 5128 968 5170 ret
976 5115 1085 5197 scripte
1139 5123 1164 5176 in
1181 5124 1241 5189 ipso
1255 5121 1361 5192 imperii
1375 5120 1417 5177 sni
1438 5123 1561 5194 ingressu
1578 5122 1657 5180 tidem
1672 5134 1795 5180 nostram
1814 5135 1842 5175 se
1858 5130 1922 5193 conr.

284 5190 330 5247 lric
353 5204 446 5262 parum
473 5189 523 5244 siba
548 5186 717 5245 coherentes
740 5183 868 5240 indicant.
892 5184 948 5239 blac
970 5187 1085 5267 epistola
1138 5190 1231 5262 plecti,
1246 5208 1300 5264 qno
1315 5191 1415 5263 popolo
1436 5207 1549 5249 romano
1564 5195 1693 5265 placeret,
1707 5183 1923 5265 eumqneblandr·

283 5260 458 5324 Maxentium,
479 5258 590 5329 perinde
630 5258 688 5314 ⁰²⁵5
712 5255 793 5311 ¹¹⁰ffl⁰
814 5270 899 5326 Pf⁰l³0
921 5253 1086 5311 chrislfflnus
1137 5261 1182 5318 tiis
1194 5260 1331 5331 deliniret,
1346 5272 1373 5318 et
1385 5264 1568 5321 assentatione
1587 5266 1683 5321 callide
1697 5266 1849 5326 simularit,
1862 5265 1922 5336 etei

281 5335 329 5400 eit,
343 5348 357 5387 a
372 5330 499 5403 pontiliee
511 5273 679 5400 oompeflarr.
694 5341 727 5383 ne
739 5326 845 5382 mireris
860 5340 941 5382 :nam
953 5326 1086 5396 principio
1137 5332 1171 5390 rte
1192 5349 1222 5389 re
1237 5334 1300 5398 iltis,
1316 5333 1362 5405 qni
1379 5334 1439 5402 eins
1460 5336 1591 5404 parebant
1612 5338 1738 5406 irnperio,
1756 5336 1784 5390 in
1803 5328 1921 5408 nrarrdam

283 5405 406 5474 occupati
424 5403 531 5471 imperii
550 5415 581 5456 se
598 5397 778 5480 libristianam
792 5394 950 5480 religionem
969 5411 1083 5480 suscep·
1137 5402 1223 5472 dedit,
1239 5414 1269 5459 nt
1283 5406 1499 5475 persecutionem
1518 5420 1611 5462 eontra
1626 5403 1796 5462 Christianos
1816 5405 1922 5458 rentur·

284 5483 374 5531 inrum
388 5471 542 5536 simularit,
554 5470 816 5535 rhaetianorumnne
829 5482 934 5522 unrnroe
944 5465 1083 5523 beroleos
1138 5484 1199 5530 rent
1210 5493 1218 5530 r
1230 5482 1385 5547 tantamque
1396 5478 1505 5546 pietrtts
1515 5479 1632 5548 speciem
1646 5493 1704 5548 prm
1716 5493 1747 5533 ce
1761 5475 1831 5537 iniit,
1842 5469 1920 5549 utbo-

283 5545 335 5601 sibi
353 5544 489 5600 devincire
507 5553 613 5597 summu
634 5546 731 5596 conam
753 5537 904 5620 laborarit..
917 5551 951 5593 eo
971 5539 1033 5622 tine,
1052 5546 1082 5594 m
1136 5561 1231 5608 manns
1249 5554 1277 5602 et
1295 5547 1374 5603 raldo
1396 5555 1554 5605 mansuetus
1574 5565 1629 5619 praa
1652 5547 1708 5603 illis
1730 5550 1777 5619 qui
1795 5547 1918 5613 impennn
2000 5597 2001 5606 ἵ

279 5623 439 5685 occupatum
460 5611 602 5683 imperium
616 5609 748 5666 adversus
767 5610 972 5665 mnsmntrnnm
990 5624 1080 5680 omoe-
1134 5628 1197 5673 ante
1211 5617 1363 5675 tenuissent
1375 5618 1631 5691 eoiquoriderctnr.
1650 5618 1920 5678 ›Videliaromanno
2000 5637 2001 5692 p

279 5693 407 5752 retorem,
424 5682 585 5741 christianis
603 5679 834 5746 addictissimum,
849 5684 923 5736 amnt
944 5695 979 5736 ex
999 5689 1079 5753 parte
1133 5688 1199 5758 308,
1215 5703 1292 5746 num,
1306 5687 1353 5745 ῃ,
2000 5695 2001 5714 r

279 5755 451 5815 ambiret«
475 5753 640 5820 llaxentins,
663 5749 902 5822 »inanitionem
934 5749 982 5809 lib.
1006 5766 1076 5822 rnr,
