4142 6184
154 249 225 310 ibor

669 251 717 310 ΑΙ)
729 250 893 311 salictum
911 245 1125 310 iteucubbiltt
1144 247 1272 308 stetu.

1737 259 1807 318 tosa

152 365 258 423 eccidit.
275 362 401 436 Quisquis
415 377 481 438 ergo
495 365 521 423 iti
537 366 595 438 ejus
610 366 700 425 radice
716 366 804 439 (idern
822 367 900 440 Grep.
915 383 958 422 ea·
971 367 998 429 Α
1011 365 1167 436 Priusquam
1191 381 1331 437 epitescat,
1356 381 1407 420 nati
1420 367 1523 441 jardieer
1540 384 1700 442 quoiquam.
1717 373 1745 430 ln
1758 375 1809 433 boc

153 456 212 512 dem
227 454 282 528 ep.)
297 471 328 512 sc
343 455 453 524 iitserit,
473 473 523 513 nec
542 473 557 512 a
579 458 714 516 viriditate
737 458 846 523 delicit;
870 473 921 514 nec
940 472 955 512 a

156 545 291 604 fiuctibus
304 546 446 612 inanescit,
461 547 523 619 qnia
533 534 626 605 amore
636 548 807 605 fecunditatis
819 564 886 618 opus
898 547 957 603 elli·

154 654 204 695 cax
213 653 268 695 non
278 636 389 693 amittit.
400 636 476 695 biset
484 639 565 696 modo
577 639 695 696 citaritas
705 640 732 694 in
742 639 957 710 persecutoribus

155 728 279 787 ecelesia
292 744 486 801 servorumque
497 730 543 786 liei
554 730 672 787 arelacta
682 733 729 799 sit,
742 733 814 803 viget
826 742 916 787 tamen
930 732 956 786 in

154 824 321 881 amatoribus
336 825 406 897 eius,
421 836 448 881 et
460 825 488 881 in
499 826 593 897 eisqui
608 827 745 896 patiuntur
758 834 867 897 propter
877 825 957 896 justi·

154 918 230 973 tiana.
247 917 285 974 lie
295 918 392 991 quibus
410 918 467 990 ipsa
481 934 529 991 per
543 935 573 974 se
584 919 685 976 veritas
701 928 826 986 testatur,
843 919 956 974 dicens:

154 1011 230 1068 Beati
255 1012 300 1082 qai
323 1012 524 1084 persecutionem
549 1012 682 1084 patiuntur
707 1019 812 1084 propter
830 1010 960 1081 justitium

155 1102 263 1178 (dlottli.
281 1099 321 1176 ui.
343 1102 377 1158 Ει
397 1102 461 1158 alibi
473 1122 480 1155 ε
492 1103 523 1161 Si
535 1120 575 1160 nte
589 1103 713 1173 persecuti
724 1111 793 1169 sunt,
807 1110 831 1156 et
844 1117 888 1157 uos
901 1115 960 1172 per·

155 1192 293 1268 sequentur
306 1194 401 1271 (ioan.
418 1195 474 1269 xv),
487 1195 579 1251 Potius
600 1196 672 1252 otiien
694 1209 743 1250 nos
758 1204 785 1250 ct
798 1208 892 1248 oriiiics
908 1194 960 1247 ilo·

155 1289 223 1345 mini
248 1289 420 1355 sacerdotes,
444 1288 490 1359 qni
509 1287 568 1358 eins
588 1286 714 1342 videlicet
726 1296 790 1341 sunt
802 1285 860 1342 veri
870 1299 958 1341 saecr-

156 1379 246 1446 dotes,
277 1381 399 1453 eligimus
429 1387 539 1452 propter
563 1380 694 1451 justitiam
714 1388 742 1434 ct
764 1395 854 1435 veram
881 1379 960 1433 tidem

159 1475 296 1548 persequi,
310 1484 337 1530 et
349 1489 399 1544 pro
413 1471 512 1530 Christi
528 1473 637 1529 nortvine
663 1471 734 1542 pati,
759 1487 840 1543 quam
868 1470 961 1526 inultis

158 1567 261 1625 divitiis
271 1567 363 1635 ditari,
376 1565 577 1637 honoribusque
594 1565 789 1638 copiosissimis
808 1563 959 1628 abundare,

157 1669 185 1718 et
198 1659 302 1718 coelesti
313 1674 396 1731 regno
406 1657 567 1715 carerelsta
578 1659 650 1713 enim
662 1656 818 1726 temporalia
833 1663 906 1722 sunt,
916 1653 961 1708 illa

1011 476 1076 533 ergo
1085 466 1157 535 quod
1168 467 1286 537 episcopi
1298 477 1326 524 et
1337 468 1432 539 reliqui
1447 471 1519 525 serii
1529 470 1578 526 bei
1592 473 1807 541 persecutionem

1010 559 1157 629 patiuntur,
1174 576 1228 617 non
1251 571 1353 619 tantum
1367 564 1416 633 ipsi
1431 569 1644 635 persecutionem
1659 569 1809 640 patiuntur,

1009 661 1139 719 quantum
1153 651 1200 708 ilie
1213 653 1290 722 euius
1304 654 1362 711 vico
1372 654 1518 726 iunguntur
1528 658 1599 714 sieut
1608 662 1736 731 seriptum
1749 673 1809 719 est:

1012 741 1064 807 Qui
1074 757 1118 798 uos
1130 745 1226 816 ningit,
1247 747 1328 817 traqit
1339 748 1466 818 pupillum
1475 749 1544 805 oculi
1552 753 1603 805 mei
1616 751 1709 822 (Zreli.
1722 755 1761 824 tr).
1777 755 1812 812 Et

1011 833 1075 889 aiibi
1092 854 1098 889 :
1117 834 1168 901 Qui
1181 851 1224 892 tos
1237 840 1404 907 contristavit,
1420 858 1460 896 rite
1473 842 1630 899 conirimaeit
1645 844 1686 917 (ll
1695 846 1756 902 Gor.
1771 850 1812 920 u).

1011 924 1047 981 Et
1056 926 1100 997 qui
1110 929 1172 999 fucit
1183 929 1317 999 iniseriam,
1332 931 1436 1003 recipiet
1448 933 1475 988 id
1487 935 1556 1005 quod
1569 936 1656 1006 irripere
1666 941 1743 1009 qersit
1753 940 1815 1013 (Co-

1013 1017 1076 1073 lore.
1092 1018 1146 1090 nt).
1163 1019 1217 1076 vos
1231 1036 1296 1093 ergo
1312 1021 1372 1078 iicet
1385 1039 1498 1095 corpora
1516 1036 1607 1083 nostru
1621 1030 1729 1098 possitis
1743 1033 1816 1088 oeci·

1018 1106 1101 1177 dere,
1113 1111 1217 1167 animas
1229 1121 1319 1169 minen
1333 1129 1385 1171 non
1408 1117 1520 1186 potestis
1532 1118 1676 1175 occidere:
1692 1138 1742 1178 nec
1755 1125 1817 1194 grai

1012 1200 1063 1256 dus
1085 1202 1162 1258 uobis
1186 1203 1314 1262 divinitus
1346 1206 1458 1263 collatos
1486 1212 1596 1279 potestis
1623 1213 1738 1270 auterre.
1764 1216 1815 1289 Sy-

1013 1291 1111 1347 nodum
1132 1308 1207 1365 ergo,
1225 1295 1327 1365 absque
1345 1296 1425 1369 liujus
1445 1309 1545 1357 sanetae
1564 1303 1636 1359 sedis
1657 1308 1815 1364 auctoritate

1015 1384 1206 1456 cpiscoporum
1221 1388 1394 1458 (quamquam
1409 1391 1538 1462 quosdam
1555 1396 1695 1467 episcopos
1709 1400 1817 1468 possitis

1016 1479 1194 1549 congregare)
1217 1494 1269 1535 iton
1294 1483 1406 1551 potestis
1430 1484 1591 1556 regulariter
1609 1485 1716 1557 lacere,
1729 1506 1817 1560 neque

1014 1569 1098 1625 ullum
1112 1571 1285 1642 episcopum,
1301 1574 1346 1645 qui
1363 1572 1433 1631 ltatic
1446 1577 1622 1646 appellaverit
1642 1582 1816 1650 apostolicam

1015 1660 1120 1728 sedent,
1142 1662 1292 1732 cantitare,
1314 1677 1457 1738 antequini
1481 1669 1543 1726 binc
1559 1673 1692 1730 sententia
1718 1674 1819 1734 divitica

157 1766 261 1814 aeletssa
277 1771 284 1808 ²
299 1756 347 1810 lsll
362 1752 481 1819 mitam,
502 1758 530 1807 θῑ
542 1750 574 1806 Ν
590 1751 684 1804 hillini
704 1747 884 1815 llssssssellsslil,
911 1745 956 1801 illi
971 1759 995 1819 Β
1009 1755 1146 1826 procedat.
1169 1755 1236 1812 llam
1251 1757 1274 1813 si
1289 1759 1433 1815 saeculares
1443 1760 1469 1816 in
1482 1761 1594 1832 publicis
1604 1764 1713 1834 judiciis
1724 1767 1820 1825 libellis

157 1863 223 1905 vero
238 1852 378 1919 perpetua,
389 1853 416 1900 et
426 1844 484 1899 sinc
499 1843 552 1898 line
567 1856 702 1897 mansura.
717 1841 758 1897 Τυ
773 1856 838 1912 orgo
852 1840 896 1912 qui
913 1854 963 1894 nos

158 1941 257 1998 suades
269 1939 371 1996 cultum
382 1936 520 1993 dirititterc
530 1936 660 2004 divinum,
673 1944 725 1992 eta
737 1945 809 1991 recta
822 1934 875 1990 side
888 1948 964 1990 rece·

158 2035 237 2100 dere,
252 2031 357 2103 diisque
372 2029 522 2099 immolare,
540 2030 636 2086 mellus
651 2029 699 2087 tibi
721 2028 790 2085 locet
802 2039 831 2083 tit
848 2040 874 2083 tu
889 2027 964 2099 prius

158 2126 318 2184 mutabilem
334 2136 359 2181 te
372 2124 519 2197 praeberes,
535 2139 681 2194 arianosque
694 2122 879 2179 cxliiirtareris
901 2120 962 2177 litlei

158 2219 321 2277 documenta
332 2229 359 2275 et
373 2217 457 2274 divini
470 2217 557 2273 cultus
569 2215 766 2273 ministerialis
779 2226 883 2283 tenere,
892 2215 965 2271 sicut

159 2323 251 2388 patres
263 2314 347 2369 nostri
359 2312 445 2368 sancti
456 2312 570 2382 apostoli
579 2309 630 2367 sibi
641 2310 738 2366 tradita
751 2309 965 2381 predicaverunt

159 2419 187 2466 et
200 2407 359 2464 docuerunt.
377 2408 442 2463 Boni
458 2408 529 2464 enim
547 2407 678 2480 principis
696 2421 728 2462 ae
742 2406 879 2479 (religioni)
895 2405 966 2476 regis

160 2500 348 2568 est,ecclcsias
357 2498 485 2555 contritas
500 2507 580 2569 atque
592 2497 741 2567 (senserim
754 2499 793 2552 uel
808 2495 964 2566 conscissos)

164 2593 264 2650 scissas
278 2601 440 2660 restaurare,
453 2606 536 2647 novas
550 2589 694 2658 aedificare,
709 2599 737 2647 et
751 2589 798 2645 bei
810 2588 965 2645 sacerdotes

1014 1855 1128 1904 utuntur
1141 1848 1336 1919 appellatoriis,
1352 1861 1452 1920 equanto
1467 1855 1552 1924 magis
1565 1858 1751 1914 sacerdotibus
1762 1859 1820 1916 lnce

1014 1935 1111 1992 eadem
1127 1954 1207 2009 agere
1226 1938 1309 2006 lieet,
1331 1942 1376 2011 qui
1396 1957 1478 2013 super
1490 1944 1552 2000 illos
1567 1948 1649 2002 sunt?
1665 1949 1703 2004 lle
1724 1951 1821 2020 quibus

1017 2030 1120 2085 dictum
1136 2041 1197 2086 est:
1215 2031 1269 2103 b'qo
1283 2032 1348 2100 disi,
1368 2034 1405 2089 dii
1417 2027 1495 2102 estin·
1509 2047 1534 2092 et
1544 2038 1592 2105 filii
1604 2036 1707 2096 Escelri
1722 2058 1819 2097 eritrea.

1017 2123 1048 2178 tit
1062 2122 1123 2180 ideo
1133 2124 1224 2181 nullus
1238 2126 1392 2197 episcopus,
1411 2128 1461 2183 nisi
1475 2129 1501 2184 in
1514 2129 1632 2202 legitima
1644 2133 1759 2205 synodo,
1772 2151 1822 2193 suo

1017 2223 1151 2286 tempore,
1166 2217 1313 2288 apostoliea
1322 2229 1368 2274 aut
1378 2219 1494 2289 regulari
1506 2224 1665 2282 auctoritate
1675 2237 1822 2283 convocata

1016 2321 1098 2378 super
1106 2305 1265 2375 rpuibtlslibet
1278 2311 1398 2381 pulsatus
1406 2313 1579 2378 criminibus,
1589 2317 1713 2376 audiatur
1728 2321 1822 2389 veliu-

1016 2397 1131 2463 dicetur,
1143 2414 1178 2456 ne
1189 2400 1318 2457 innocens
1326 2404 1478 2471 damnetur,
1487 2416 1532 2462 aut
1546 2407 1640 2477 perdat
1654 2415 1821 2468 communio·

1017 2505 1091 2546 nem.
1108 2490 1184 2558 Quod
1196 2491 1256 2547 laici
1270 2504 1316 2547 aut
1330 2496 1447 2567 suspecti
1468 2495 1611 2567 episcopos
1630 2514 1683 2556 non
1703 2501 1823 2559 debeant

1017 2596 1164 2649 accusare,
1180 2599 1266 2655 neque
1285 2587 1487 2644 accusatoribus
1502 2589 1537 2645 de
1551 2589 1651 2646 inimici
1663 2593 1744 2650 donio
1759 2613 1823 2666 pro·

164 2685 300 2742 bonorare
319 2694 400 2755 atque
413 2683 481 2740 tueri
494 2680 544 2756 (l).
557 2680 634 2739 Unde
650 2691 759 2738 sanctos
771 2682 908 2752 apostolos
921 2694 968 2736 eo·
1018 2674 1165 2733 deuntibus
1179 2678 1344 2736 eredendum
1360 2681 1410 2746 sit,
1427 2692 1454 2738 et
1467 2697 1482 2738 a
1496 2683 1575 2739 beato
1589 2682 1744 2754 Clemente,
1759 2689 1825 2760 ipsis

161 2792 276 2848 rumque
290 2791 461 2833 siieccssnrcs
481 2776 532 2830 sub
551 2774 640 2830 divina
654 2775 851 2831 contestatione
866 2773 967 2829 consti·
1027 2783 1090 2826 eunt
1104 2772 1299 2828 instruentibus
1309 2774 1448 2846 apostolis,
1459 2775 1766 2848 legimusdcltnitum,et
1777 2798 1827 2839 nos

163 2861 248 2925 tuisse
271 2869 404 2940 legimus,
425 2882 479 2924 non
502 2864 603 2923 debere
616 2865 673 2922 lleri
686 2864 903 2937 persecutiones,
919 2877 969 2919 nee
1021 2863 1116 2920 eadent
1132 2863 1269 2920 firmamus
1280 2882 1287 2918 ε
1299 2867 1423 2936 quoniam
1435 2867 1519 2932 ¹iidem
1535 2869 1615 2926 motio
1630 2872 1766 2928 multoties
1776 2875 1824 2929 in·

163 2960 259 3018 inlerri
268 2960 525 3027 fluctuationes,nee
536 2957 660 3015 invidere
671 2956 856 3014 laborantibus
865 2955 893 3012 in
904 2969 970 3028 agro
1022 2955 1856 3030 tensi,rectevii-eritesatqaeciedentesperturbarenimo·,
1910 3003 1923 3020 .-

163 3052 312 3120 tlontinico,
328 3066 414 3123 neque
430 3049 618 3125 erpellerelil
636 3049 970 3122 aeterniregisdispensa·
1024 3057 1078 3104 tur,
1088 3048 1231 3120 Propterea
1240 3065 1363 3120 persona,
1373 3052 1449 3116 tides,
1460 3052 1512 3107 vita
1522 3057 1827 3129 eteoriiersatio‚atque
1913 3035 1915 3040 ⁵
1959 3056 1971 3100 Γ

163 3155 240 3205 tores
255 3150 338 3216 :sed,
353 3151 375 3206 si
390 3150 435 3221 qni
447 3150 552 3221 expulsi
565 3149 679 3216 luerint,
695 3156 742 3205 aut
756 3149 812 3205 suis
824 3146 904 3205 rebus
917 3162 964 3202 cs·
980 3136 1004 3202 C
1020 3144 1139 3216 suspicio
1157 3147 1357 3214 accusantium,
1375 3149 1536 3206 enucleatim
1559 3151 1646 3222 primo
1669 3152 1828 3223 inquirenda

164 3239 274 3312 politti,
293 3243 379 3313 primo
396 3241 487 3298 ornnia
501 3241 623 3312 legaliter
633 3240 726 3308 reddi,
743 3255 803 3311 que
818 3240 858 3296 eis
871 3239 905 3295 ab
917 3237 969 3294 ini·
1019 3235 1276 3308 condendisque
1294 3237 1468 3309 obiiciantur,
1489 3240 1606 3297 lideliter
1627 3242 1826 3312 pertractanda,

165 3334 245 3391 inicis
259 3343 329 3391 atita
344 3333 563 3407 persecutoribus
579 3333 667 3389 ablata
682 3343 760 3399 sunt,
777 3333 895 3391 etsedes
908 3348 970 3403 pro·
1020 3330 1083 3400 quia
1096 3331 1162 3386 nibil
1177 3341 1239 3387 ante
1252 3331 1308 3388 lieri
1323 3331 1416 3398 debet,
1437 3350 1517 3404 quatri
1537 3334 1720 3408 impetitorum
1736 3336 1789 3392 vita
1802 3347 1830 3393 et

166 3425 259 3497 prins,
273 3440 334 3482 cunt
352 3426 477 3484 omnibus
490 3427 523 3482 ad
534 3440 565 3483 se
578 3423 790 3496 pertinentibus,
812 3425 971 3498 regulariter
1021 3421 1140 3491 suspicio
1150 3430 1231 3491 atque
1242 3423 1334 3479 odium
1346 3425 1505 3495 inquiratur.
1514 3426 1549 3481 Et
1558 3427 1581 3481 si
1595 3428 1673 3483 bonae
1684 3444 1830 3486 eonversa-

166 3518 286 3586 rcstitui,
298 3528 325 3576 et
336 3529 428 3590 postea
439 3527 560 3591 ternpore
569 3531 689 3590 congruo
699 3518 788 3574 uocari
797 3517 831 3572 ad
838 3517 970 3590 synodum

167 3610 330 3681 regulariter
352 3621 552 3683 congregatam.
576 3608 631 3666 Nee
653 3609 791 3677 liceatei,
816 3609 971 3681 priusquam

169 3700 236 3757 liam
250 3701 320 3771 bae,
334 3703 367 3760 de
382 3717 422 3771 se,
436 3702 513 3774 juxta
525 3710 624 3758 statuta
639 3700 845 3771 praedictorum,
859 3715 974 3772 respon-

170 3792 237 3851 dere
246 3837 254 3862 ,
264 3791 360 3849 sutile
372 3793 429 3849 suis
439 3792 693 3864 impetitionibus,si
703 3807 733 3848 se
746 3792 843 3850 viderit
857 3807 975 3864 praegra-

173 3886 242 3953 vari,
256 3884 371 3941 reddere
386 3884 528 3941 rationem.
543 3884 596 3942 Sed
605 3884 648 3941 bis
662 3884 714 3940 rite
725 3885 851 3956 peractis,
866 3885 976 3956 suisque

172 3976 298 4034 omnibus
309 3975 394 4032 libere
403 3975 551 4047 dispositis,
563 3977 585 4033 si
600 3984 656 4032 tutn
669 3975 741 4047 juste
752 3977 862 4050 Uenutii
875 3976 893 4032 5
906 3991 932 4046 q.
946 3975 975 4032 ti.

174 4065 238 4123 Nori
250 4066 371 4141 oportet.)
382 4066 501 4132 videtur,
514 4067 570 4123 suis
584 4065 747 4137 respondeat
761 4067 975 4135 accusatoribus,

175 4170 204 4220 et
218 4161 349 4228 inducias,
361 4159 383 4216 si
399 4160 423 4216 ei
435 4174 548 4216 neeesse
560 4159 651 4228 luerit,
660 4160 772 4231 accipiat
782 4175 835 4216 non
845 4159 977 4228 modicas,

175 4263 207 4311 ut
223 4254 366 4324 explorare
376 4253 463 4310 valeat
479 4269 510 4309 ca
524 4269 586 4327 qum
600 4252 763 4324 objiciuntur
777 4255 820 4321 ei,
841 4269 875 4310 ne
889 4256 978 4325 aliqua

175 4346 287 4405 delusus
298 4345 400 4413 lraurle,
410 4348 567 4403 innocenter
581 4347 789 4418 ruatzquoniam
803 4359 857 4401 non
872 4353 979 4417 oportet

175 4452 338 4512 quemquam
347 4438 461 4510 judicari
472 4439 515 4495 vel
529 4439 660 4506 damnari,
675 4438 830 4509 priusquam
844 4437 979 4510 legitimos

1023 3514 1104 3570 tionis
1118 3529 1171 3567 non
1187 3513 1297 3582 luerint,
1310 3525 1355 3569 :rut
1365 3515 1437 3578 laici,
1455 3517 1496 3571 vel
1511 3509 1645 3572 iitaitilesti
1658 3518 1769 3582 inimici,
1785 3527 1830 3574 aut

1024 3604 1087 3661 odio
1101 3605 1217 3677 respersi
1228 3605 1335 3670 luerint,
1347 3622 1515 3678 nequaquam
1526 3607 1552 3663 in
1561 3608 1748 3678 episcoporum
1760 3612 1830 3666 reci·

1025 3697 1135 3769 piantur
1147 3699 1331 3754 accusatione.
1344 3697 1407 3754 ilaec
1416 3699 1502 3769 vobis,
1515 3699 1637 3771 aquibus
1647 3702 1831 3760 niniisinleste

1026 3791 1222 3862 persequimur,
1231 3790 1339 3846 scienda
1349 3791 1516 3859 inundemus,
1526 3792 1831 3862 titabbisioscaveatis,

1027 3891 1055 3938 ct
1066 3883 1178 3939 cessetis
1192 3883 1316 3954 persequi
1331 3899 1379 3938 cos
1392 3885 1436 3956 qui
1452 3884 1507 3939 lieo
1524 3885 1693 3954 ministrant,
1716 3903 1831 3958 quntum

1027 3972 1193 4029 orationibus
1203 3983 1230 4030 et
1242 3982 1350 4030 terrena
1363 3973 1434 4031 bella
1446 3974 1615 4042 sedantur,et
1626 3976 1696 4031 [leus
1708 3986 1832 4046 peecato-

1028 4068 1102 4124 ribus
1113 4068 1280 4135 conoiliatttr,
1294 4077 1322 4124 et
1333 4069 1355 4123 si
1366 4068 1481 4140 amplius
1493 4085 1542 4125 nos
1553 4068 1687 4139 elegeritis
1695 4070 1831 4140 persequi,

1029 4176 1109 4233 quant
1125 4161 1182 4217 lieo
1197 4160 1320 4232 placere;
1342 4171 1370 4216 et
1388 4175 1438 4216 nos
1456 4162 1541 4232 inagis
1555 4160 1685 4231 elegimus
1698 4162 1834 4219 sustinere

1030 4252 1265 4322 persecutionem,
1290 4266 1370 4322 quarn
1390 4251 1510 4322 regiilant
1525 4250 1653 4307 conlundi
1667 4252 1836 4309 ecclesiasti-

1030 4356 1103 4406 cam,
1118 4341 1248 4397 hortante
1262 4355 1311 4396 iios
1327 4341 1385 4411 ipsa
1397 4340 1520 4396 veritatis
1534 4355 1611 4409 voce,
1625 4351 1706 4414 atqiic
1719 4352 1835 4399 testartte

1032 4431 1090 4487 ita:
1110 4430 1200 4488 Nolite
1222 4434 1309 4487 timere
1327 4448 1369 4486 eos
1388 4431 1433 4502 qui
1458 4432 1577 4488 occidunt
1592 4450 1700 4508 cuipas,
1724 4436 1836 4490 oiriiiirrm

176 4531 277 4588 lrabeat
290 4541 437 4602 presentes
449 4540 640 4594 accusatores,
656 4530 797 4600 locumque
819 4529 980 4585 detenderit
993 4517 1020 4578 D
1033 4535 1117 4580 autern
1139 4542 1189 4580 aon
1210 4535 1316 4599 possiunt
1337 4524 1454 4581 occidere
1470 4524 1577 4594 (bertii.
1598 4526 1639 4599 ι).
1662 4529 1695 4583 Et
1718 4529 1812 4584 iteruin
1828 4546 1835 4584 :

177 4623 292 4693 accipiat
312 4623 345 4679 ad
369 4623 501 4684 aiiluentlu
529 4623 651 4680 erimina.
676 4619 751 4677 Unde
776 4620 813 4674 ait
834 4619 985 4692 propbeta:

211 4757 250 4822 (l)
269 4757 331 4809 Dist.
343 4758 384 4809 oo.
398 4758 460 4809 Bnni
472 4759 589 4823 principis
606 4763 654 4808 est.
680 4756 801 4816 Quocirca
817 4756 843 4807 id
854 4755 988 4807 notandum

178 4835 271 4885 paucos
291 4822 395 4895 antehae
413 4819 488 4872 luisse
515 4833 624 4871 sitinmos
640 4820 782 4883 ’pontitlces
799 4819 841 4883 qui
861 4818 916 4869 baec
935 4831 984 4869 non

183 4889 379 5009 affirm&
392 4946 480 5010 imper.
490 4944 588 4995 i'rlent.
601 4949 628 4994 et
638 4943 761 5005 Valentis,
773 4957 827 5009 cap.
846 4944 872 5005 9,
895 4941 939 4995 lib.
956 4957 989 4994 ru

181 5004 241 5060 bist.
253 5007 393 5071 Tripartitae
404 5007 480 5059 babet
491 5007 582 5069 anagni.
594 5006 658 5058 tide
671 5004 761 5057 locunt.

1042 4617 1137 4689 Siquis
1146 4618 1197 4672 vult
1208 4628 1264 4691 post
1275 4635 1314 4672 nie
1326 4618 1421 4686 uenire,
1430 4617 1536 4690 obireqet
1547 4623 1720 4691 senietipsurit,
1730 4633 1754 4677 et
1765 4622 1839 4678 tollat

1040 4729 1141 4768 crireenr
1150 4728 1231 4777 raom,
1243 4721 1268 4767 et
1277 4720 1396 4781 reqautor
1408 4728 1457 4766 nte.
1471 4712 1521 4781 Qui
1531 4714 1598 4769 enim
1608 4715 1715 4771 soluerit
1724 4716 1840 4770 enimam

1040 4821 1113 4859 sonat
1125 4804 1221 4859 mironi
1232 4806 1329 4876 fucere,
1342 4807 1429 4874 perdet
1449 4820 1515 4860 eriri.
1530 4804 1581 4872 Qui
1599 4817 1685 4862 uetera
1700 4808 1841 4874 perdiderit

1041 4903 1153 4956 citiorem
1172 4916 1246 4954 suein
1268 4909 1372 4969 propter
1395 4916 1444 4966 nie,
1471 4900 1751 4970 internascentium
1773 4907 1841 4958 eitim

1042 4994 1145 5061 prodere
1159 4990 1269 5056 lioiiiini,
1280 4990 1302 5045 ri
1320 4989 1445 5044 ntoirdtirrt
1457 4995 1603 5046 erniuerrrnn
1614 4992 1737 5061 lueretur,
1748 4994 1841 5050 oiiintie

823 5128 928 5188 NOTAE
946 5124 1109 5186 sistuntur
1124 5122 1213 5181 utilit.

223 5251 262 5309 Tu
276 5268 336 5325 eigo
350 5252 394 5323 qni
412 5269 458 5307 nos
471 5250 573 5307 rondes.
588 5246 675 5305 Causa
691 5248 726 5302 olt
743 5263 824 5318 quani
845 5245 987 5302 Marcellus

186 5322 221 5380 ad
236 5323 399 5380 liaxeittiuin
415 5324 533 5392 scripsit,
550 5323 684 5376 lienosi:
700 5317 768 5373 Cum
784 5319 914 5398 ltaetcnus
929 5331 990 5371 ont-

187 5396 268 5452 nibus
279 5402 307 5451 et
320 5395 437 5450 nintirne
450 5393 544 5449 Romae
561 5389 719 5460 degentibus
739 5387 900 5444 (dirimimus
922 5386 991 5441 bone

188 5465 311 5533 lavisset,
324 5473 353 5520 et
363 5466 527 5535 aliquamdiu
543 5463 683 5517 catlroliem
700 5459 761 5516 iidei
775 5466 945 5539 sectatorem·
953 5457 991 5509 si·

189 5537 332 5605 mulassct,
346 5537 441 5592 Severi
461 5543 489 5591 et
507 5534 655 5589 Alexandri
671 5532 757 5596 obitu,
773 5544 852 5584 snum
865 5529 917 5583 sibi
940 5541 992 5580 tin·

188 5610 295 5692 perium
319 5610 385 5664 satis
407 5607 543 5661 irroratum
563 5603 699 5673 judicans,
727 5603 906 5672 impietatem,
932 5611 993 5666 qum

189 5690 262 5735 intus
279 5678 390 5741 latebat,
410 5676 536 5748 prodidit,
557 5691 589 5730 ac
609 5673 763 5729 ilarcellitnt
783 5671 877 5725 Romae
892 5667 995 5739 degen-

1040 5240 1176 5297 idolorum
1191 5250 1306 5291 avocare
1320 5243 1451 5303 cottatiir3
1475 5251 1528 5308 qno
1542 5245 1655 5307 eventu,
1672 5249 1746 5312 patet
1758 5257 1840 5314 supra

1043 5316 1070 5369 in
1087 5314 1139 5365 rita
1160 5307 1289 5364 blareelii.

1080 5381 1216 5455 Synodion
1241 5395 1310 5446 erqo.
1334 5377 1399 5434 ibeo
1422 5378 1501 5434 veslit
1527 5383 1676 5451 sequentia,
1702 5384 1844 5452 usquead

1045 5454 1118 5509 ltunc
1131 5457 1231 5518 iocum,
1248 5438 1433 5512 lineamina
1452 5447 1540 5522 qrribtis
1561 5450 1636 5505 trintis
1653 5452 1745 5523 infeste
1758 5472 1845 5522 perre-

1045 5525 1158 5597 quirnar,
1173 5530 1239 5591 etc,
1260 5523 1369 5576 alitriirle
1389 5520 1480 5577 addita
1502 5531 1530 5577 et
1548 5526 1701 5591 surreptitia
1724 5541 1785 5581 csse
1806 5529 1846 5581 ii·

1047 5597 1156 5659 dentur,
1180 5594 1239 5649 ideo
1258 5592 1329 5663 quod
1351 5594 1401 5648 bac
1422 5592 1457 5649 de
1479 5608 1508 5649 re
1529 5594 1562 5647 ad
1584 5593 1750 5651 Maxentium
1773 5596 1846 5652 nulla

1047 5665 1184 5722 scribendi
1204 5664 1272 5720 ratio
1293 5670 1341 5719 aut
1360 5667 1469 5722 occasio
1492 5663 1582 5721 luerit.
1599 5663 1696 5721 Baton.
1719 5667 1848 5738 praedicto

190 5758 246 5806 tent
262 5749 398 5807 blanditiis
410 5748 569 5818 quibusdam
582 5761 596 5799 a
611 5745 665 5802 lide
677 5743 823 5816 christiana
845 5740 879 5796 ad
892 5741 996 5797 cultum
1049 5736 1120 5792 loeo.

413 5842 550 5903 Parcet.
577 5837 645 5901 vit.

1550 5826 1590 5887 35
