4142 6184
285 221 341 289 lita
489 271 496 296 ι
956 233 1115 295 dissultat
1131 234 1259 295 curcul
1855 251 1902 309 nu

284 345 537 422 lsrnuptus,·quippe
554 348 599 420 qrrl
620 357 712 421 postea
726 348 928 417 Constantiam,
942 349 1076 406 Constan-
1088 352 1116 414 Α
1129 359 1216 407 terrum
1231 351 1257 406 in
1270 350 1368 406 Politia
1381 350 1432 407 SS.
1448 350 1558 406 Patrem
1572 349 1751 421 Metropbanis
1761 366 1786 412 et
1799 359 1901 419 bleran-

283 419 334 476 tini
347 435 485 485 sororem,
500 420 526 475 in
542 435 656 487 uxorem
669 421 765 487 duxit;
780 429 808 476 et
823 422 966 477 serisimile
980 422 1075 477 admo·
1127 423 1168 478 dri
1179 424 1248 487 apud
1263 421 1388 477 Plrotinm
1403 421 1553 477 Maxentius
1565 423 1900 502 vocatariirtpdebeuep.

283 489 348 549 tium
360 501 411 557 est,
426 490 558 547 Valeriam
573 491 607 547 ab
619 506 654 548 eo
671 493 704 547 de
717 493 852 548 eosrnnbie
863 491 946 549 luisse
958 494 1076 563 appella·
1128 495 1230 566 μάνου.
1252 492 1412 548 eduensem
1434 501 1520 548 tetum
1542 494 1651 559 locum,
1672 497 1731 564 qnia
1756 500 1815 555 milri
1837 506 1903 565 ualde

283 568 339 617 tam
354 561 481 633 illamque
501 562 608 629 endam,
624 580 677 634 qun
694 563 865 619 Maximinum
885 563 978 632 reiecit
994 579 1024 618 ar
1044 581 1075 617 n-
1127 579 1188 620 esse
1207 563 1313 619 ridetur
1325 564 1477 619 intricatus.
1494 564 1589 619 Seuero
1612 564 1699 619 morbo
1712 568 1816 624 extincto
1844 572 1903 630 isici-

284 640 377 714 rnento
393 647 468 687 nsarn
484 647 558 688 esse:
571 635 631 705 quia
642 638 715 708 ne{cs
726 644 780 689 erat
788 634 858 688 illius
868 635 976 689 nominis
986 650 1016 688 ac
1025 580 1076 689 ioci
1127 634 1196 699 stisss,
1209 635 1380 703 quiescerem
1392 635 1800 706 Constantiiconinqesstdalmat,
1813 611 1904 712 impero„

284 705 415 775 loemsnam
434 704 490 758 sine
506 720 587 770 usare,
607 706 663 760 sins
680 705 809 775 menapia,
824 706 945 759 nmritunt
967 706 1076 759 alterum
1126 705 1173 770 ait,
1188 706 1313 773 reliquom
1329 705 1441 760 Orientis
1455 714 1555 774 portem
1571 704 1743 761 Maximianus
1760 712 1843 767 unsis.
1858 728 1904 772 ue.

282 773 511 845 mptum-‘Neque
524 775 596 831 enirn
615 776 708 843 video,
723 792 803 847 qaam
821 775 899 830 aliam
919 775 955 830 ob
966 788 1075 831 cruram
1125 778 1221 842 ξὲιτιος
1233 775 1499 848 διτὴςκοτοὶῬὼμοο
1509 774 1593 851 ἦρχεν
1603 775 1787 850 distenderunt
1799 786 1905 857 ιιαξιμα.

284 852 339 899 tanr
358 843 540 913 siqnidcanter
553 846 669 903 dixisset
681 845 852 911 Lactantius,
868 860 929 901 earn
944 862 974 901 se
988 847 1076 902 credi·
1126 853 1182 902 see·
1197 849 1303 924 τοιγὰρ
1325 847 1339 903 ὁ
1358 849 1404 920 pis
1421 844 1451 908 ia
1471 850 1626 919 ιοοξιμιονοῦ
1642 851 1777 930 προτέρου,
1791 851 1841 909 iil
1859 868 1905 914 ne

283 913 566 982 discursantium
579 920 690 974 masinae
703 918 771 987 quod
790 916 896 972 babebat
911 932 1035 983 uxoresn,·
1049 926 1077 973 et
1126 919 1269 977 amena.
1295 917 1440 973 Maxentius
1464 933 1522 972 uero
1542 916 1639 972 Momoe
1659 920 1809 987 imperabat,
1831 927 1905 994 [roten

283 1000 354 1051 torn,
368 987 406 1041 nti
421 1001 481 1043 sese
500 987 757 1055 babebat,-narrare
776 1002 858 1044 ansus
875 1002 929 1043 non
942 996 1000 1054 est,
1013 989 1075 1058 quia
1127 988 1281 1043 Maximiani
1295 989 1374 1056 nidus.
1390 988 1425 1043 lit
1437 989 1478 1042 irie
1491 988 1593 1055 quidem
1615 999 1669 1043 eros
1692 988 1835 1047 Msaintioui
1847 998 1906 1065 prie-

282 1056 354 1113 inter
366 1056 571 1119 Constantinum
586 1068 613 1114 et
633 1059 764 1115 bicinium
783 1060 859 1113 llrma
874 1068 932 1114 erat
946 1059 1074 1125 arrricitia,
1126 1060 1174 1123 sis,
1189 1060 1254 1114 alter
1266 1075 1325 1114 uero
1337 1058 1491 1114 Diocletiani
1503 1060 1582 1127 silim.
1592 1059 1648 1129 Ego
1662 1070 1737 1115 certe
1749 1062 1789 1117 six
1802 1079 1842 1119 me
1855 1066 1907 1123 binc

283 1142 345 1184 cum
366 1128 410 1184 bic
426 1128 534 1186 libellus
552 1128 640 1186 editus
658 1130 717 1185 luit.
740 1130 806 1185 Cum
830 1128 912 1199 iqitur
933 1129 1076 1184 Maximino
1128 1131 1242 1196 extrica,
1256 1129 1471 1200 speroquealles
1489 1130 1616 1185 ¹irruemus
1637 1129 1681 1195 isi,
1694 1130 1739 1200 qni
1758 1132 1848 1189 nodum
1860 1141 1906 1192 sol·

253 1203 256 1210 '
283 1197 366 1253 etiam
388 1200 490 1256 nubere
509 1200 601 1265 nollet,
616 1200 727 1273 pellitur
743 1199 776 1255 ad
795 1215 828 1255 eo
848 1201 874 1255 iu
889 1200 998 1256 exilium
1013 1215 1075 1256 cunr
1126 1209 1305 1270 summeque
1333 1203 1405 1257 enirn
1433 1201 1532 1256 lectum
1559 1200 1636 1265 milti,
1651 1200 1809 1258 Maxentium
1829 1217 1907 1263 natum

282 1282 381 1335 matre,
397 1270 585 1341 relegatusque
595 1273 622 1326 in
637 1272 765 1340 squaedam
780 1271 901 1326 desertas
913 1270 999 1344 syriae
1011 1272 1076 1327 soli·
1126 1269 1210 1328 luisse
1223 1271 1315 1332 iratae.
1332 1272 1375 1328 sel
1387 1285 1482 1328 sorore
1505 1271 1671 1331 Maximiani.
1688 1287 1747 1327 cunr
1760 1274 1857 1345 genitas
1878 1278 1908 1333 sir

283 1339 401 1406 tudincs,
428 1355 480 1396 nec
502 1342 626 1413 precibus
646 1341 802 1398 Diocletiani
821 1342 928 1399 reniam
946 1342 1076 1412 consequi
1126 1339 1252 1399 Herculio
1265 1352 1293 1398 et
1308 1343 1435 1411 Eutropia
1445 1341 1524 1414 syra.
1546 1340 1712 1412 Suspicabar
1736 1359 1907 1429 nonnunquam

281 1411 379 1482 putuit,
390 1425 450 1481 cap.
465 1412 501 1467 20
511 1422 539 1469 et
554 1413 602 1468 ll.
617 1413 790 1483 Tandemque
804 1412 920 1469 Licinias
934 1411 1005 1468 illius
1018 1422 1075 1467 rna·
1126 1411 1217 1468 locum
1227 1423 1394 1484 corruptum,
1403 1421 1432 1468 et
1442 1413 1523 1468 verba
1533 1412 1697 1481 transposita
1705 1424 1809 1475 esseut
1816 1417 1909 1484 quidem

282 1481 387 1552 trisque
404 1481 504 1538 Prisce
515 1484 601 1553 capitu
615 1483 814 1540 Tlsessalonicse
832 1483 966 1555 amputari
981 1483 1074 1553 iussit,
1126 1483 1206 1539 initio
1218 1483 1270 1554 legi
1281 1482 1397 1550 debere,
1412 1485 1548 1555 ιιοξιμίνοτ
1561 1483 1652 1556 τίτιῖχτ
1673 1482 1814 1558 ἁδιλοιδοὺς
1825 1484 1855 1541 in
1865 1501 1909 1545 ιιο-

281 1566 342 1621 cap.
357 1551 493 1625 libanius
506 1558 586 1612 rerba
600 1564 724 1625 corrupta
742 1555 956 1612 ibiementlabo.
972 1554 1075 1610 Notan-
1126 1555 1260 1627 ξιμιοιιοῡς
1277 1570 1339 1609 nam
1363 1554 1523 1609 Maximinus
1546 1553 1686 1610 Orientem
1709 1556 1801 1618 tenuit,
1822 1556 1911 1626 luitque

281 1622 346 1679 dum
361 1633 460 1691 autern,
479 1627 601 1683 Adonem
618 1626 810 1692 Viennensem,
821 1642 846 1695 p.
867 1625 920 1682 105
937 1624 1073 1698 Martyrnl.
1126 1640 1222 1682 serore
1231 1624 1331 1681 Galerii
1345 1624 1498 1680 Maximiani
1509 1624 1639 1695 genitus:
1662 1624 1760 1683 deinde
1780 1625 1912 1685 Maxentius

280 1693 412 1762 scribere,
438 1696 519 1752 liliam
540 1697 698 1753 Diocletiani
719 1697 921 1767 imperatorias
940 1696 1076 1752 daemonio
1131 1694 1229 1751 dicitur
1237 1696 1307 1750 lilius
1315 1694 1479 1761 Maximiani,
1490 1695 1617 1750 nimirum
1630 1693 1910 1764 Derculii3alterrcra,

281 1776 418 1832 vexatam,
436 1777 518 1837 atque
535 1784 549 1822 a
570 1768 599 1824 S.
615 1767 676 1825 Vita
692 1766 814 1824 oratione
834 1776 966 1835 cnmtam,
981 1768 1035 1824 inse
1051 1784 1078 1838 p.
1093 1738 1118 1799 Β
1132 1767 1174 1821 vel
1188 1766 1312 1823 Galerius
1325 1765 1514 1831 Maximianus,
1531 1766 1602 1820 lilim
1617 1766 1794 1834 Diocletiani,
1813 1769 1869 1838 qnia
1883 1770 1913 1825 sb

281 1835 328 1905 lb,
348 1836 470 1893 eamdem
490 1838 581 1895 uocari
595 1839 751 1903 Artemiam,
766 1849 795 1895 et
812 1854 828 1893 a
848 1838 961 1910 cyriaco
980 1837 1079 1895 libera·
1131 1851 1165 1892 eo
1178 1837 1331 1906 adoptatus,
1345 1845 1373 1891 et
1387 1836 1468 1890 liliam
1483 1837 1543 1905 ejus
1558 1835 1677 1891 babebat
1692 1839 1866 1895 uxorem.Sed
1876 1840 1911 1894 ni·

282 1916 339 1965 tam
351 1909 496 1975 daemonio,
510 1925 543 1966 ac
563 1910 723 1979 baptizatum
736 1910 837 1975 laisse;
852 1923 969 1980 moxque
989 1909 1079 1979 ipsam
1131 1906 1170 1961 bil
1184 1908 1252 1963 certi
1268 1906 1380 1972 delinio,
1396 1906 1509 1976 allisque
1534 1906 1592 1961 bec
1619 1907 1745 1977 relinquo
1759 1910 1911 1966 excutienda.

280 1978 393 2044 addere,
415 1979 473 2049 ipsu
491 1990 614 2050 tempore
631 1979 804 2035 Maximinum
818 1979 989 2036 interfecisse
1001 1994 1079 2035 sern-
1131 1977 1289 2043 Maxentius,
1318 1977 1342 2032 si
1371 1976 1495 2032 Tristano
1518 1976 1666 2042 credimus,
1701 1994 1812 2035 uxerem
1835 1981 1915 2036 babuit

281 2066 340 2107 rein
353 2064 429 2104 suam
442 2049 602 2108 Artemiam.
616 2050 722 2118 Quibus
734 2051 757 2106 si
769 2050 833 2123 qnid
850 2051 905 2105 seri
920 2050 1001 2117 inest,
1018 2050 1080 2105 Dio·
1132 2047 1256 2119 Maqnom
1272 2047 1403 2113 liriicarn,
1420 2048 1502 2102 liliam
1521 2046 1622 2103 Galerii
1648 2063 1684 2103 ex
1699 2050 1787 2120 priore
1804 2050 1913 2121 conjunc,

281 2121 416 2179 eleuanas
444 2121 512 2177 duas
535 2121 603 2177 illias
626 2122 760 2189 babuerit,
785 2135 898 2178 necesse
919 2131 980 2187 est;
1001 2121 1079 2190 sique
1133 2134 1165 2173 ex
1181 2134 1233 2189 qna
1248 2117 1392 2173 Romulum
1406 2118 1467 2171 uiso
1481 2128 1556 2189 patre
1575 2128 1713 2175 mortuum
1734 2131 1916 2176 consecratum-

281 2192 339 2260 illa,
355 2191 825 2262 qnasoecieadicitur,eaderncum
861 2191 932 2247 riore
948 2194 1078 2258 drteuria,
1130 2204 1194 2260 que,
1208 2200 1236 2245 et
1248 2191 1331 2243 alium
1346 2188 1429 2243 lilium
1442 2188 1547 2259 gennit,
1573 2189 1618 2257 qui
1647 2205 1710 2245 cnm
1737 2200 1819 2246 matre
1832 2191 1917 2247 dicitnr

281 2262 366 2319 scribi
380 2262 462 2319 debet
474 2262 661 2330 Maximianus,
682 2263 808 2319 nimirum
852 2261 964 2328 olerirts,·
980 2263 1080 2333 quippe
1130 2260 1230 2315 vixisse
1242 2259 1332 2315 adbuc
1345 2260 1450 2315 duobus
1466 2268 1528 2314 ante
1542 2257 1647 2315 cladem
1662 2261 1760 2318 diebus
1775 2279 1782 2313 r
1798 2263 1863 2317 unde
1875 2279 1916 2331 pa·

281 2335 328 2404 qni
342 2346 466 2389 sororem
484 2334 543 2405 ojus
559 2332 690 2391 Valeriam
710 2334 828 2392 babebat
847 2335 874 2388 in
894 2333 1078 2399 matrimonio,
1131 2333 1265 2403 rreqyrista
1282 2339 1375 2386 narrat
1387 2330 1548 2387 Maxentium
1570 2339 1629 2385 aute
1640 2330 1749 2386 biduum
1762 2333 1916 2403 poloueeni·

283 2418 414 2475 suamque
440 2413 529 2474 petest
552 2405 604 2460 dici
628 2404 778 2472 accidisse,
801 2404 965 2461 interlicieas
988 2406 1080 2460 rixeris
1130 2417 1226 2473 qrmse,
1239 2410 1262 2454 et
1275 2418 1332 2456 cuns
1343 2417 1422 2456 noers
1435 2410 1460 2455 et
1469 2401 1524 2471 filio
1537 2401 1565 2455 in
1579 2401 1712 2471 priomsnn
1724 2403 1825 2457 demum
1841 2414 1919 2474 sponte

280 2488 338 2530 sae
359 2489 526 2545 germanam.
544 2476 598 2532 Sed
621 2487 650 2531 nt
665 2491 758 2532 serum
779 2474 875 2540 lateas,
889 2475 961 2531 baud
983 2490 1079 2546 magna
1130 2474 1291 2529 concessisse.

282 2544 351 2601 lidos
363 2547 495 2614 eiusmodi
507 2548 664 2603 auctoribus
674 2546 794 2604 adhiberi
807 2554 907 2618 potest.
1166 2543 1284 2599 Seuerus
1309 2542 1392 2598 lilium
1408 2541 1501 2598 habuit
1528 2538 1711 2613 saetosam,
1727 2543 1766 2599 uti
1780 2551 1878 2600 causat
1890 2558 1918 2598 ex

320 2615 499 2673 Maximianus
526 2616 675 2676 Herculius·
693 2633 803 2674 uxorem
828 2616 922 2673 babuit
949 2615 1079 2672 Valeriana
1130 2628 1191 2684 cap.
1216 2612 1260 2679 50,
1284 2629 1381 2669 rrorneu
1408 2615 1502 2669 uxoris
1525 2621 1554 2669 et
1582 2625 1728 2683 parentam
1757 2615 1917 2685 incognitum.

282 2685 448 2758 Eutropium,
461 2704 521 2758 qnae
532 2699 594 2743 ante
606 2705 640 2746 ex
655 2688 764 2746 bomine
775 2690 845 2761 Syro
858 2687 1079 2756 qerrrreraslneo-
1131 2684 1272 2740 Tristanus
1286 2685 1442 2747 arbitratur,
1451 2700 1515 2739 ,enm
1531 2687 1651 2753 genitam
1664 2700 1727 2742 esse
1741 2699 1833 2740 sorore
1845 2683 1917 2738 Masi·

281 2756 385 2823 darom,
409 2759 451 2814 uel
476 2758 595 2814 Dianium
618 2758 804 2816 Macinsianaut
832 2755 1003 2828 Tbeodoranr,
1019 2776 1080 2829 qnae
1132 2757 1214 2810 sniaui
1229 2754 1329 2811 Galerii
1346 2771 1354 2809 ε
1369 2753 1599 2811 sedzazirnnset
1615 2754 1921 2825 terrenorumque

281 2827 546 2910 napsitCeustantio
560 2830 678 2898 Glrloro;
694 2830 820 2887 Herculio
830 2837 919 2886 summ
938 2840 1019 2901 nupta
1032 2846 1079 2902 ge·
1131 2826 1233 2893 laudat,
1249 2826 1314 2881 illud
1328 2834 1429 2881 tantum
1444 2826 1479 2881 de
1490 2823 1598 2882 Galerio
1613 2825 1774 2893 Maximino,
1791 2826 1856 2880 basa
1867 2835 1921 2878 ante

268 2898 523 2957 nnrtMaasntium.
596 2936 598 2941 ,
981 2924 986 2932 ·
1035 2925 1039 2929 ’
1106 2897 1272 2968 imperinm
1288 2898 1372 2963 dicto,
1384 2906 1605 2952 commemorant.
1627 2898 1661 2952 lit
1683 2898 1707 2952 si
1720 2897 1772 2952 boc
1785 2896 1921 2952 luissetre·

299 3004 303 3011 ·
318 2969 492 3026 Constantius
503 2972 635 3037 Glrlorus,
650 2988 711 3030 cum
726 2972 817 3029 esser
831 2980 981 3037 crearetur,
995 2985 1078 3043 repa·
1130 2984 1203 3034 runs,
1219 2983 1272 3023 non
1287 2978 1362 3038 puto,
1378 2967 1515 3023 Galeriam
1535 2966 1730 3022 Maximianum
1745 2967 1809 3022 illud
1826 2965 1924 3021 silentia

283 3039 360 3105 disse
371 3051 482 3097 coactns
494 3053 535 3098 est
547 3042 688 3110 Melenam,
703 3042 746 3100 sel
758 3042 998 3109 correabinasn,rel
1011 3057 1078 3099 con·
1130 3040 1359 3104 oblitteraturum,
1387 3053 1448 3092 cum
1474 3038 1661 3108 alloqueretur
1683 3038 1882 3097 Diocletianum,
1899 3046 1923 3089 et

280 3110 384 3182 jugem,
400 3127 434 3169 ex
451 3128 503 3183 qua
517 3122 597 3169 nattis
610 3116 659 3185 ipsi
679 3123 738 3171 erat
751 3113 943 3174 Constantinus.
958 3123 1051 3184 postea
1065 3131 1080 3169 a
1094 3116 1118 3180 c
1132 3124 1194 3179 curn
1208 3123 1242 3167 eo
1265 3110 1300 3165 de
1323 3107 1476 3165 Caesaribus
1502 3108 1628 3165 creandis
1658 3119 1770 3181 ageret,
1787 3123 1845 3179 cap.
1859 3107 1889 3162 18
1900 3115 1926 3160 et

283 3196 375 3238 rernm
406 3191 525 3239 esurum
536 3185 620 3255 gloria
634 3183 746 3257 Moqnns
764 3184 867 3247 dictus;
884 3193 913 3240 ct
926 3183 1079 3241 innuerem
1134 3180 1178 3236 ta.

283 3251 361 3307 duxit
418 3254 511 3309 erculii
537 3255 685 3326 priuignam
713 3255 905 3319 Theodoram,
937 3270 997 3325 quaa
1029 3256 1079 3327 ipsi
1168 3254 1201 3309 G.
1217 3249 1607 3320 ValeriusMaximiuusquem
1619 3248 1694 3307 male
1710 3250 1823 3321 llaymo,
1840 3247 1923 3310 sttui,

282 3322 390 3448 (peperit
416 3323 596 3394 Dalmatiam,
624 3326 832 3389 Corsstantlum,
860 3323 1079 3393 annibalianum,
1133 3322 1256 3379 Seuerum
1277 3321 1450 3376 Maximinum
1463 3330 1559 3385 vocat,
1581 3330 1663 3375 iratus
1686 3320 1738 3376 luit
1751 3317 1927 3374 sorereiialc·

197 3398 199 3402 '
306 3394 489 3460 enatantiam,
513 3396 680 3466 Eutropium,
699 3406 728 3454 et
752 3395 940 3458 Anastasiam:
966 3413 1083 3466 uquarum>
1132 3396 1166 3450 rii
1182 3391 1346 3450 Maximiani.
1366 3392 1488 3462 Epitome
1499 3391 1568 3447 vict.
1595 3410 1603 3447 z
1628 3390 1755 3446 Galerius
1769 3389 1926 3450 Maximinus,

283 3476 337 3518 ana
351 3465 442 3534 nupsit
455 3464 575 3530 Licinio,
589 3469 627 3523 uti
643 3476 716 3539 patet
726 3483 760 3524 ex
773 3482 833 3538 cap.
847 3465 901 3522 li:
919 3465 953 3522 tn
971 3468 1080 3535 audiuit,
1132 3482 1221 3521 sorore
1231 3463 1385 3518 drotmnorii
1398 3463 1557 3533 proqrnitus,
1574 3478 1684 3533 seroque
1703 3463 1807 3516 nonnae
1819 3458 1926 3513 cursim

284 3532 446 3590 Constantini
458 3552 572 3593 sororem
586 3538 686 3593 Licinio
700 3538 932 3608 essedespousam,
948 3539 1081 3595 existima·
1133 3538 1233 3607 perium
1246 3534 1320 3589 Data
1346 3533 1523 3588 dictustiude
1537 3533 1663 3589 Galerius
1682 3532 1861 3588 Maximianus
1874 3544 1928 3583 curn

283 3605 320 3659 uit
343 3607 499 3730 oLtinitatem
517 3608 591 3664 illam
604 3609 715 3665 duorum
734 3608 924 3682 lnrpsrutorum
942 3620 1032 3665 centro
1055 3627 1083 3666 se
1132 3621 1192 3677 cap.
1211 3606 1244 3662 l8
1258 3604 1376 3675 appellat
1390 3604 1490 3674 affinem
1502 3619 1588 3671 suum,
1608 3613 1637 3660 et
1653 3604 1685 3659 P.
1705 3603 1825 3657 Diacono
1842 3599 1930 3657 dicitur

283 3690 351 3746 copu
379 3676 412 3731 ri.
429 3678 461 3733 lit
475 3679 537 3749 qaia
551 3680 703 3736 'l'bendorae
723 3681 834 3736 vitricus
855 3689 914 3735 erat
927 3680 997 3735 Max.
1014 3681 1082 3738 tter·
1133 3676 1204 3748 filins
1217 3678 1313 3732 sororis
1328 3673 1444 3740 Galerii,
1456 3674 1500 3730 cni
1515 3684 1604 3731 tamen
1619 3674 1695 3730 nsale
1712 3672 1843 3735 Murcimus
1857 3684 1930 3723 roca·

283 3747 383 3813 callus,
406 3748 469 3804 inde
481 3751 654 3807 Constantius
674 3748 801 3817 Clrlorns,
825 3766 851 3806 c.
872 3750 919 3815 29,
934 3752 994 3820 ejus
1006 3770 1083 3823 qener
1133 3758 1186 3804 tnr.
1203 3747 1344 3804 Tristanns
1356 3745 1461 3811 scribit,
1480 3742 1617 3801 zosimum
1631 3760 1696 3800 eam
1714 3742 1806 3799 lacere
1820 3754 1932 3821 maereat

259 3848 265 3863 ,
285 3826 419 3873 vocatur:
436 3817 676 3878 {inconstantinam
686 3825 1083 3893 isrspmatorentqeneruntsuum
1133 3818 1285 3876 Maximiani
1300 3815 1419 3873 Merculii
1430 3834 1437 3869 ι
1450 3816 1498 3871 sed
1512 3815 1581 3886 apud
1597 3831 1660 3871 earn
1676 3814 1747 3870 niltil
1761 3813 1929 3891 taleinuesngt,

286 3886 411 3960 (propter
425 3889 552 3945 Faustam
567 3893 694 3965 uxorem)
706 3895 791 3964 qeneri
813 3893 912 3960 ilium,
936 3893 996 3948 dolo
1012 3894 1081 3948 molo
1115 3905 1286 3961 quanquam
1314 3887 1385 3943 idem
1414 3887 1519 3941 tradant
1546 3885 1721 3941 Molsnanutts
1746 3894 1776 3941 et
1791 3883 1884 3939 Morerr
1908 3896 1932 3933 ιιι

285 3959 497 4026 circumscribet,
517 3961 543 4016 id
564 3972 616 4030 est,
637 3962 787 4020 Constantii
809 3962 903 4017 lilrlori
927 3962 1020 4032 illium,
1036 3965 1083 4035 qui
1133 3961 1241 4017 Lexicis
1253 3960 1319 4015 suis.
1336 3957 1434 4015 Uxoris
1447 3971 1545 4013 nornen
1559 3958 1702 4028 ignoratur
1716 3971 1780 4026 cap.
1792 3953 1932 4020 immittat

284 4027 630 4105 Tbeodoram,‘prisiguam
645 4034 773 4100 Mercnlii,
787 4034 941 4089 duxeratin
957 4050 1081 4103 nxorem,
1134 4034 1162 4088 in
1177 4035 1307 4088 ltrrmtem
1327 4029 1492 4098 praecipitata
1514 4038 1566 4090 est,
1593 4041 1618 4082 c.
1642 4028 1692 4085 511.
1709 4025 1828 4083 Sustulit
1850 4035 1932 4104 οτι]

284 4114 409 4172 quaeqne,
426 4117 481 4158 noa
495 4114 595 4172 mater,
608 4104 656 4162 sed
671 4120 784 4161 riorerca
800 4114 858 4162 erat
872 4103 1053 4161 Constantini.
1134 4101 1296 4159 Maximinus
1316 4100 1399 4155 tilium
1414 4107 1442 4153 et
1459 4098 1542 4153 liliam
1555 4096 1654 4153 Licinii
1666 4097 1750 4170 jtsssu
1760 4096 1876 4159 occisas,
1890 4091 1934 4146 sbt·

320 4169 513 4229 consanum
538 4176 648 4246 Magnus
673 4175 791 4233 Mercnlii
818 4175 971 4231 Maximiani
999 4176 1083 4232 liliam
1134 4174 1208 4230 oeru.
1225 4172 1278 4228 Sed
1291 4182 1393 4234 tamen,
1404 4183 1463 4239 atp-
1478 4167 1526 4236 Π,
1542 4169 1611 4236 filios
1625 4167 1678 4233 illi,
1703 4183 1759 4224 ¹¹¹¹¹¹
1772 4166 1856 4221 fllium
1869 4171 1895 4218 0¹
1908 4161 1934 4214 Ι·

284 4241 431 4310 minorem,
455 4242 581 4302 Faustam
607 4248 726 4315 nomine,
755 4247 871 4303 duxitin
891 4261 1003 4302 uxorem
1022 4266 1028 4301 ε
1047 4248 1084 4303 ita
1136 4245 1211 4312 liant,
1226 4241 1372 4299 tribuitdt
1387 4239 1562 4295 illebolendis
1577 4238 1666 4306 maiis,
1680 4240 1772 4303 idest,
1789 4252 1842 4291 sna
1859 4241 1935 4297 ιιοοιο,

284 4326 344 4382 cap.
357 4313 405 4381 bl,
417 4314 597 4390 Panegyricos
612 4319 706 4374 irrcerti
721 4319 855 4383 auctoris,
872 4328 901 4373 et
919 4318 985 4382 alii;
1002 4318 1085 4390 idque
1135 4326 1210 4387 arque
1222 4317 1275 4369 ena
1286 4314 1338 4376 die,
1356 4309 1533 4366 Niconedisrn
1546 4310 1600 4392 aliu
1612 4319 1689 4365 nocte
1702 4308 1866 4391 utrumn-3
1878 4320 1936 4387 cop·

284 4397 346 4440 cnm
363 4387 448 4455 prima
462 4387 534 4444 illius
549 4406 617 4445 uxor
628 4389 773 4445 Mineruiae
788 4389 859 4445 diem
873 4388 995 4444 obiisset.
1009 4390 1085 4459 Quos
1136 4387 1228 4456 lisque,
1243 4385 1305 4452 filiis
1316 4392 1339 4436 et
1351 4397 1442 4448 acore,
1462 4391 1486 4436 st
1509 4397 1598 4451 pouces
1615 4396 1648 4435 ec
1672 4382 1777 4448 palatm
1799 4376 1937 4456 annutritus,

284 4462 314 4511 et
325 4463 393 4524 quot
404 4456 506 4515 liberos
522 4459 663 4524 babuerit,
687 4471 779 4516 notam
798 4461 866 4517 satis
878 4468 936 4526 est,
950 4461 1083 4532 docetque
1095 4499 1124 4560 D
1137 4458 1224 4528 petiuit
1240 4454 1380 4509 Orientem.
1396 4453 1466 4520 Quin
1481 4459 1509 4507 et
1522 4466 1583 4521 cap.
1599 4451 1635 4505 50
1652 4450 1938 4533 arimenensium

285 4527 415 4595 preclare
428 4527 541 4584 illustris
557 4530 711 4600 DuCanqe.
1136 4535 1331 4584 membratura
1356 4522 1444 4594 ipsius
1468 4538 1566 4593 qnoque
1588 4519 1734 4575 Macsntim
1761 4520 1846 4589 pilium
1871 4530 1939 4571 saum

322 4594 472 4653 Maxentius
486 4599 559 4654 illias
568 4599 619 4655 luit
633 4599 784 4655 Maximiani
800 4601 918 4657 Merculii
930 4611 1012 4672 atque
1024 4603 1081 4658 Eu·
1135 4600 1275 4653 mocianum
1288 4603 1403 4666 opuntem
1417 4595 1529 4647 incutit
1541 4602 1609 4658 0⁶¹⁰,
1630 4604 1656 4646 el
1678 4592 1766 4661 filiam
1787 4600 1937 4668 “iuml'’

284 4666 391 4735 troplae.
413 4667 480 4723 Eum
495 4683 608 4741 pueram
627 4671 706 4727 ualde
724 4671 813 4726 larudat
833 4671 954 4727 Mamers.
970 4688 1030 4743 cap.
1047 4672 1082 4729 11
1134 4671 1389 4740 quadesponsoerot
1400 4662 1563 4721 condalium
1577 4663 1703 4718 οτιίτιοὴιι
1718 4662 1824 4718 Verani
1842 4674 1864 4714 ss
1877 4657 1939 4740 plu·

284 4735 418 4861 Paneglr.
433 4737 487 4794 Sed
498 4744 615 4812 profecto
629 4751 727 4796 mature
739 4742 784 4797 illc
794 4743 918 4796 elucescet
932 4743 987 4797 dies
1001 4784 1007 4809 ,
1023 4761 1082 4798 cusu
1137 4756 1183 4796 res
1198 4740 1268 4795 itlius
1281 4737 1429 4801 imbuisset,
1444 4750 1497 4791 uon
1509 4743 1584 4790 certe
1595 4735 1701 4789 oblitus
1716 4735 1816 4788 inisset
1830 4729 1939 4808 Liarntna

285 4821 330 4862 sos
341 4809 367 4861 oi
385 4817 425 4862 cat
438 4810 521 4865 Roma
533 4812 651 4878 victoum
662 4814 863 4868 etalocrcnssub
873 4815 977 4868 dealem
987 4814 1080 4882 pilium,
1134 4826 1183 4868 eos
1199 4812 1374 4866 interimere:
1392 4809 1463 4861 ιιιιιιο
1485 4807 1577 4875 priore
1602 4806 1664 4859 loco
1688 4804 1811 4874 filiorum
1838 4810 1940 4881 troanno

284 4894 360 4950 quem
373 4880 408 4934 od
421 4880 612 4952 bonestissimas
621 4894 688 4939 artes
702 4885 819 4939 ontnibus
839 4884 934 4956 inqenii
947 4885 1019 4939 bassis
1031 4903 1080 4939 na·
1125 4882 1205 4939 lorte
1215 4880 1297 4937 etiam
1308 4878 1364 4949 pilia
1375 4878 1462 4941 uenit,
1479 4876 1505 4931 id
1518 4876 1591 4945 «quod
1603 4874 1711 4931 lactum
1725 4874 1823 4939 luisse,
1839 4882 1941 4951 expiat

285 4958 339 5005 tum
353 4950 417 5021 {elic
430 4952 523 5020 aliquis
543 4966 686 5026 praeceptor
701 4964 838 5023 surrectus,
854 4955 895 5008 cui
909 4955 980 5010 nullo
995 4956 1083 5011 labore
1134 4954 1207 5010 civili
1222 4961 1314 5022 patet,
1329 4948 1454 5004 etaltera
1470 4947 1600 5003 Maximus
1615 4957 1660 5001 est
1674 4960 1781 5000 nomen
1796 4954 1939 5015 proprmm,

284 5019 411 5076 constabit
421 5024 533 5078 diuinam
542 5027 760 5098 intersertolemque
769 5029 916 5100 prcqcnient
925 5027 960 5081 od
970 5029 1083 5082 studium
1135 5025 1189 5080 nisi
1203 5025 1334 5086 dicamus,
1353 5028 1416 5073 natu
1428 5020 1561 5075 minorent
1574 5019 1602 5072 in
1616 5016 1682 5086 luga
1697 5015 1787 5072 luisse
1800 5020 1941 5069 mortuam·

284 5091 372 5147 laudis
386 5093 493 5148 ltortari.
510 5095 576 5151 Eum
591 5106 680 5152 minen
694 5099 854 5169 suppositum
865 5097 946 5166 luisse
960 5097 1084 5153 Herculio
1135 5094 1202 5151 Nam
1216 5093 1285 5150 duos
1297 5091 1474 5147 Maximinum
1492 5089 1562 5143 lilius
1585 5088 1720 5143 babuisse
1744 5087 1854 5141 uidetur
1876 5083 1943 5135 ciart

285 5171 342 5217 oste
356 5161 501 5234 Mutsopise,
515 5177 599 5222 tenere
615 5169 701 5224 mariti
711 5171 826 5226 anianum
839 5170 979 5224 loborantis
993 5171 1083 5240 auspi·
1135 5167 1235 5224 docere
1259 5162 1402 5226 Eusebius·
1418 5161 1464 5216 Ιίῑι·
1480 5175 1509 5215 ¹¹
1531 5158 1659 5216 fflilffliffi
1678 5159 1792 5215 500105·
1807 5164 1941 5238 ⁰¹ffl²¹¹¹¹2²

290 5232 332 5287 cio
343 5235 483 5304 prolusimi
494 5249 582 5303 portus
596 5255 633 5294 cre
652 5241 670 5293 ti
681 5257 803 5312 opuero,
818 5241 928 5296 tradant
945 5240 1084 5309 Epitomes
1135 5241 1237 5298 reiron
1251 5234 1366 5291 ἄπαστοι
1427 5234 1520 5289 τίθεντο
1533 5234 1576 5287 τοι
1587 5231 1610 5287 ui
1621 5231 1772 5303 Μαξιμίνου
1787 5223 1890 5287 παῖδες.
1904 5239 1944 5308 ⁰¹}

295 5303 420 5370 victoris,
436 5316 463 5361 et
479 5307 605 5381 Excerpt.
644 5311 711 5367 ales.
730 5319 836 5378 auctor,
850 5320 879 5367 οι
894 5310 926 5366 P.
942 5311 1082 5365 diaconus.
1135 5308 1185 5369 ita
1199 5304 1362 5381 οοιιτὴςβοιο
1396 5302 1768 5376 κὴττιιιὴοτὴςτιόνπίιαξι
1788 5302 1944 5381 ’filim‘

293 5374 366 5432 ldem
380 5375 459 5433 docet
474 5378 567 5435 incerti
601 5384 748 5453 arreqyrtei,
764 5397 824 5453 cap.
838 5384 857 5439 3
871 5399 878 5436 ι
894 5381 956 5451 lpse
965 5380 1084 5448 denique,
1136 5381 1275 5438 ι’τιοθέοιωτ
1291 5379 1415 5434 πεποίητο
1430 5377 1573 5436 κοινωνοὺς.
1583 5372 1690 5444 dijecti
1703 5381 1767 5426 suut
1780 5373 1822 5423 lns
1835 5366 1945 5444 omnibus

289 5446 334 5515 qui
352 5455 424 5516 puter
442 5448 513 5504 illius
528 5396 687 5520 medilatus,
703 5455 837 5509 discissam
849 5453 889 5507 ab
901 5453 1012 5505 brsrneris
1025 5467 1087 5518 pur·
1139 5448 1277 5505 Maximini
1294 5446 1375 5508 liberi,
1392 5460 1455 5511 quos
1467 5443 1577 5518 iiiejont
1588 5443 1696 5509 inspersi
1715 5450 1866 5520 consortes,
1883 5444 1945 5521 elit·

290 5533 382 5587 puram
395 5517 528 5575 dctralsere
539 5533 645 5576 conatus
657 5540 666 5577 .·
680 5539 744 5579 ecca
754 5524 886 5586 creditus:
900 5537 964 5592 ergo
976 5536 1028 5576 rrnn
1043 5537 1088 5577 se·
1139 5521 1255 5574 tulerunt
1270 5527 1345 5584 utque
1364 5515 1504 5584 insaqinum
1520 5515 1659 5586 participes
1675 5516 1788 5584 [ουτοι.
1803 5509 1879 5590 Sero,
1889 5526 1946 5560 παι·

290 5603 338 5641 sus
350 5595 445 5656 pater:
463 5591 534 5646 unde
549 5607 609 5645 runs
625 5606 686 5663 cap.
701 5593 738 5660 1,
752 5593 912 5648 Maxentium
934 5591 1088 5647 Maximiani
1140 5589 1187 5652 δας
1210 5591 1238 5644 iu
1259 5603 1359 5659 genere
1370 5587 1645 5657 liberosaignilrrare,
1663 5596 1693 5640 et
1708 5581 1858 5650 crsrrrplectt
1874 5587 1946 5653 truste

292 5660 454 5728 suppositum
467 5668 562 5726 uocat,
577 5662 701 5734 ilemque
713 5663 849 5719 lulianum
861 5664 968 5719 trudere
979 5665 1090 5732 putabat
1142 5662 1227 5717 lilitnn
1240 5660 1376 5725 liliumque
1399 5656 1534 5713 Maximini
1550 5674 1557 5710 :
1571 5657 1618 5712 sed
1636 5654 1718 5711 addit
1734 5669 1785 5725 eos
1807 5653 1837 5708 in
1858 5646 1948 5703 tsb¹¹¹¹⁵

295 5726 447 5807 inuitatis,
461 5745 542 5803 quent
556 5741 646 5789 tamen
656 5749 748 5797 errare
761 5735 840 5792 docui
851 5734 884 5792 ad
895 5750 956 5811 cap.
973 5735 1018 5792 18.
1031 5735 1091 5793 Cac-
1141 5735 1239 5805 pictos,
1268 5729 1427 5803 imperiique
1453 5737 1595 5787 consortes
1612 5740 1681 5783 esse
1710 5725 1819 5788 laetos;
1834 5736 1905 5795 (1¹¹2
1923 5722 1948 5767 ¹¹²
