4142 6184
304 247 356 313 tst
974 257 1077 320 ntum
1101 257 1230 319 usuuut
1876 263 1922 329 832

304 372 332 428 in
351 372 436 430 nisse
454 373 511 446 ep'us
530 372 697 430 celebratione
717 375 866 444 quantocius
879 376 938 448 tegi.
954 374 996 434 Sit
1009 376 1100 449 itaque
1112 385 1140 448 Α
1151 375 1201 433 sed
1214 375 1247 433 ad
1263 373 1418 447 praecedens
1428 373 1539 433 uerbum
1548 373 1684 450 petiverint
1724 375 1923 453 rtinoerit,plme

305 442 333 500 id
346 437 515 512 adverbium,
526 444 550 500 si
564 460 618 501 nou
632 460 682 502 sos
698 447 807 515 optimae
820 455 901 512 notu,
916 446 995 518 lenge
1008 457 1097 503 temen
1151 448 1219 504 utin
1232 447 1532 514 sraeetsntenenetee
1545 449 1650 519 eritque
1672 464 1686 501 a
1705 464 1736 505 eo
1750 462 1796 520 per
1811 450 1924 510 lironem

306 515 438 581 melioris,
452 514 571 584 itemque
583 516 685 585 saeculi,
700 533 780 587 quam
792 517 907 574 eredidit
921 517 1098 575 rindoctissl·
1150 517 1350 586 bomoaliquis,
1365 520 1453 590 qualis
1467 519 1677 589 abamplissimo
1688 517 1791 588 Cupero
1809 522 1924 582 indicatus

306 600 377 642 mus.
392 585 506 642 blesime
519 601 580 642 eum
600 598 628 645 et
656 590 807 659 paulopost
820 588 1100 659 LiciniusiterumJu-
1150 596 1203 656 est,
1215 589 1414 662 intelligendus.
1427 589 1476 646 Vel
1489 588 1538 644 luit
1552 590 1617 645 olim
1636 590 1663 647 in
1687 589 1776 647 Licinii
1794 592 1883 651 litteris
1893 597 1924 652 nti

306 655 378 722 beat,
394 666 421 710 ut
440 668 594 729 proruptum
608 676 682 715 suunt
693 664 843 731 quantocius
852 660 1019 731 compleatur.
1150 658 1231 717 bodie
1245 661 1387 728 babemus,
1397 668 1525 730 quantum
1540 660 1573 716 ad
1584 660 1724 725 voeabula,
1737 671 1865 719 exaratum
1880 667 1925 724 :Si

343 726 429 782 Etiam
444 729 482 784 uel
495 729 522 784 lu‘
535 730 580 802 qui
592 740 718 786 emerunt.
733 731 893 802 suspicabar
909 732 997 800 primo
1015 731 1098 786 iutui-
1150 734 1295 803 putruerint
1309 733 1341 786 de
1354 742 1443 787 nostro
1455 731 1628 787 benesolentr'o
1641 730 1740 800 obquid
1750 734 1864 788 nieorisns
1875 753 1925 803 pos-

307 805 347 864 tu,
363 809 488 869 corrupta
504 800 561 857 baec
579 816 651 864 esse.
668 802 862 873 legendumque
884 818 891 854 a
916 801 1041 858 Ceterum
1061 801 1100 857 uel
1151 803 1230 858 tutent
1236 812 1371 875 :tuncque
1385 803 1537 859 necessario
1546 801 1669 859 Columbi
1679 802 1865 860 distinctionem
1874 821 1925 864 scn-

308 870 347 936 bi,
361 879 413 926 etc.
429 870 482 927 Sed
499 888 569 929 nune
581 873 648 928 nibil
659 884 742 929 muto.
757 872 968 930 Teucrus-Ut
980 872 1099 929 libuerit.
1152 874 1317 944 testiumque
1339 873 1418 929 simul
1434 874 1561 943 amplecti
1581 873 1716 944 oportebit
1732 873 1782 930 :Si
1792 878 1924 946 putruerint,

306 940 359 997 Sed
371 941 532 1012 jampridem
548 944 660 999 mutarit
673 944 838 1001 clarissimus
851 944 959 1001 Galeri
973 945 1049 1000 etiem
1073 952 1101 999 et
1150 944 1463 1000 denostrnbeneaolentio
1479 944 1577 1014 olionid
1593 946 1716 999 ticenum
1770 947 1870 1013 stelent,
1888 965 1926 1004 cu·

307 1011 334 1066 in
340 1014 408 1084 jon,
423 1012 457 1069 ad
468 1014 616 1083 marginem
629 1015 670 1071 sui
683 1014 856 1086 exemplaris,
870 1025 897 1071 et
909 1014 978 1070 inira
993 1028 1101 1085 quoque
1149 1014 1261 1087 juslibet
1269 1017 1377 1086 generis
1384 1016 1576 1071 indemnitatem
1589 1016 1726 1087 intelliges
1747 1016 1826 1073 olel
1838 1017 1927 1077 istade·

306 1096 368 1138 curn
383 1098 416 1139 eo
428 1084 469 1138 vir
483 1087 608 1141 maximae
631 1086 767 1155 dignitatis
778 1096 805 1142 et
818 1086 988 1152 eruditionis,
1004 1086 1101 1141 Petrus
1152 1086 1242 1157 uique,
1257 1088 1292 1143 de
1306 1101 1359 1158 qua
1374 1102 1455 1144 nemo
1469 1085 1600 1142 hactenus
1618 1086 1756 1157 cogitarit.
1769 1087 1926 1157 interpunctio

308 1152 420 1211 Valerus
444 1154 753 1228 [tianiusssoujieiebam
768 1173 830 1230 ego,
854 1173 904 1214 uec
925 1172 977 1213 una
996 1155 1102 1213 ratione
1151 1157 1381 1224 eritadsomuda,
1394 1158 1439 1229 qui
1451 1159 1602 1212 donoernnt
1621 1159 1761 1220 consecuti,
1774 1158 1926 1232 siputrserint

308 1224 441 1290 inductus,
462 1237 580 1283 veterem
607 1229 751 1284 lectionem
776 1229 859 1286 luisse
888 1238 912 1284 et
934 1229 980 1296 ito,
1005 1243 1055 1296 pro
1078 1235 1102 1282 et
1152 1228 1462 1284 mnonrobrneootentto
1472 1227 1625 1299 (beccensi
1637 1240 1727 1284 tannen
1737 1228 1754 1284 ii
1763 1243 1821 1285 esse
1830 1231 1926 1300 possint,

307 1295 408 1352 dende.
423 1297 512 1353 Prima
523 1308 592 1365 erat,
606 1300 731 1371 quoniam
745 1314 779 1356 eo
793 1308 871 1371 paeto
882 1300 1043 1371 omnisapte
1055 1312 1103 1355 co·
1152 1299 1197 1369 qui
1211 1299 1245 1355 de
1258 1299 1297 1356 rei
1312 1300 1408 1370 pretio,
1422 1313 1503 1371 quam
1519 1299 1585 1369 ipsis
1601 1315 1648 1367 pro
1664 1314 1738 1355 mera
1758 1308 1842 1355 nostra
1860 1302 1927 1358 bene·

307 1365 1102 1440 hesserint:QuiGbristianorumconventiculaquoeumque
1152 1370 1270 1426 selentia
1286 1369 1420 1438 dedimus,
1433 1372 1553 1426 rationes
1568 1371 1707 1426 nobiscum
1719 1370 1801 1426 veiint
1818 1372 1926 1446 putare),

307 1436 388 1492 modo
401 1441 527 1510 emerint,
542 1440 674 1499 reddunto
686 1440 1104 1525 quatrtocius.Quieademdono
1153 1441 1250 1510 aliquid
1275 1442 1408 1509 neonem,
1425 1441 1517 1508 idest,
1542 1441 1612 1510 quod
1634 1440 1753 1510 priorum
1776 1441 1926 1499 dentationum

306 1510 478 1577 acceperint,
495 1511 628 1568 reddunto
648 1525 747 1584 pariter
767 1514 935 1585 quantocius.
952 1513 991 1569 be
1005 1511 1104 1568 deinde
1155 1512 1242 1568 ricem
1257 1527 1307 1583 sup
1327 1512 1390 1579 leat,
1404 1512 1542 1585 postulent.
1555 1512 1670 1584 Eligant,
1695 1512 1743 1582 qui
1774 1511 1828 1567 isse
1850 1514 1926 1570 lecturi

308 1581 415 1648 utrique
430 1581 464 1638 de
478 1583 662 1648 indemnitate,
677 1594 704 1639 ut
720 1600 826 1655 equum
842 1584 893 1640 sibi
909 1586 996 1641 risum
1009 1582 1102 1649 luerit,
1153 1590 1277 1655 suut,qu
1338 1584 1491 1641 maluerint.
1506 1583 1606 1639 Verum
1622 1583 1747 1653 equidem
1763 1582 1865 1640 Eusebii
1885 1584 1927 1640 tu·

307 1652 453 1721 cogitante.
470 1654 652 1722 biterauero,
671 1670 722 1712 nee
746 1658 836 1712 minus
859 1653 958 1722 rabida,
974 1653 1104 1727 quoniam
1155 1653 1255 1710 tionem
1268 1651 1723 1726 caeterispreferendamarbitror3
1756 1668 1927 1737 uanrremps·

307 1736 360 1777 tren
379 1723 485 1780 ridetur
505 1727 615 1782 omuino
635 1727 769 1784 Eusebius
791 1726 870 1782 aliter
896 1726 1005 1798 legisse,
1019 1739 1100 1793 quam
1156 1735 1210 1780 tore
1224 1724 1256 1781 de
1269 1741 1298 1781 re
1311 1725 1406 1797 utiquo,
1422 1723 1547 1782 debuerit
1557 1724 1661 1796 phrasis
1671 1669 1927 1807 esseiamilmrissms

307 1794 490 1852 emerndamus.
507 1798 575 1866 Quid
602 1798 659 1855 lamo
682 1800 753 1855 euim
771 1816 778 1852 ε
793 1796 874 1862 ὅπως.
896 1801 919 1854 ri
940 1805 995 1859 sote
1013 1798 1101 1859 αὐτοῖς
1115 1773 1140 1836 Β
1153 1795 1223 1864 apud
1235 1795 1382 1862 Romanos,
1390 1810 1478 1866 neque
1486 1798 1521 1851 sit
1535 1795 1702 1862 ittsoiens,ut
1715 1796 1876 1851 beumolenno
1885 1813 1928 1852 non

348 1875 472 1930 ιστιανοῖς
494 1874 538 1929 τήν
554 1872 686 1942 ταχίστην
707 1873 967 1936 ἀποκαταστήσωσιν,
989 1866 1101 1928 obsoni
1152 1865 1260 1937 deipst)
1286 1865 1670 1935 benevolentissimum&
1695 1866 1732 1922 de
1757 1867 1928 1922 benesotenbe

307 1956 330 1991 οι
345 1938 499 2012 spopondens
513 1942 573 2002 τοὺς
588 1944 679 2002 αὐτοὺς
703 1942 808 2007 τόπους,
834 1938 895 1998 sini
915 1941 981 1997 κατὰ
1002 1938 1038 1994 io
1057 1941 1101 1994 sois
1153 1937 1241 2007 signo,
1257 1949 1303 1993 aut
1324 1937 1519 2009 gratidcatione
1544 1948 1699 2008 usurpetur.
1725 1936 1789 1992 Nam
1810 1937 1927 2003 sie,rrrbi

306 2008 433 2082 esbnpirrr
441 2011 583 2080 lsi)oieo'›oi
592 2034 617 2068 τι
626 2015 700 2089 παρὰ
709 2022 755 2074 τῆς
768 2014 844 2085 iperi
863 2032 894 2072 ne
905 1959 1101 2087 enlonnpndoine.
1152 2009 1249 2077 gratia,
1262 2008 1420 2079 Spartianus
1434 2008 1459 2063 iu
1473 2007 1611 2064 Carambin
1628 2026 1635 2064 ε
1662 2006 1729 2063 Non
1756 2008 1799 2065 ille
1819 2009 1844 2062 in
1855 2010 1929 2063 litteris

264 2126 270 2136 ,
306 2079 469 2154 repositiones
482 2088 519 2155 τῷ
532 2084 576 2137 leri
600 2083 684 2139 einos
705 2085 817 2160 ἐπάρχῳ
840 2032 986 2149 εἰκάζοντα
1001 2082 1051 2136 uisi
1067 2080 1101 2135 ad
1153 2079 1253 2145 turdus,
1268 2096 1319 2134 nou
1332 2081 1358 2134 in
1369 2079 1546 2135 bettenolentiis
1560 2081 1653 2152 sequit.
1670 2078 1781 2143 Conler,
1794 2079 1815 2134 si
1828 2080 1929 2147 pluribus

307 2150 420 2205 uerbum
431 2169 437 2204 a
450 2170 459 2204 s
472 2150 507 2208 Ut
521 2153 544 2207 si
557 2151 660 2208 hisdem
675 2154 835 2210 Christianis
849 2153 1007 2225 quantocius
1020 2152 1100 2207 resti·
1152 2162 1221 2220 opus
1234 2158 1285 2217 est,
1299 2150 1428 2205 liisziuun.
1444 2151 1546 2218 Baium,
1570 2151 1706 2223 Capetum
1729 2159 1757 2207 et
1781 2149 1927 2206 Culrtmbrnn.

308 2223 416 2282 tuerint,
436 2222 469 2275 itn
484 2223 551 2288 (boc
563 2231 612 2286 est,
626 2224 736 2293 deinde)
752 2225 793 2280 uel
805 2224 842 2291 bi,
854 2224 900 2297 qui
923 2224 1018 2279 tndem
1042 2221 1100 2278 ioca
1189 2220 1297 2292 Corpori
1321 2220 1535 2277 Cirristionornns.
1559 2220 1596 2275 To
1619 2222 1661 2275 tlte
1687 2220 1929 2277 cameleontem

306 2299 439 2357 emerunt,
452 2294 492 2348 rel
503 2294 548 2364 qui
562 2294 633 2349 dorm
645 2295 910 2358 irrerrmteonsecuti,
920 2295 942 2348 si
958 2293 1102 2362 petiverint
1153 2291 1267 2361 anglica.
1285 2291 1325 2347 nd
1342 2292 1479 2357 Verbum,
1496 2289 1659 2347 Giristionis.
1673 2323 1713 2333 -
1725 2292 1814 2348 Recte.
1836 2292 1892 2347 iiam
1907 2299 1929 2346 ut

306 2360 342 2417 de
355 2372 446 2418 nostra
458 2365 643 2421 benevolentis
656 2366 768 2437 aliquid,
780 2368 911 2423 accedant
927 2365 960 2420 ad
977 2365 1099 2420 locorum
1153 2360 1245 2419 Sabini
1269 2371 1294 2417 et
1319 2363 1476 2419 Sabinorum
1498 2380 1591 2437 eorpus
1615 2364 1730 2420 omnino
1754 2363 1930 2419 conltruduntur

308 2431 476 2501 praelectum,
491 2437 535 2506 qui
548 2436 593 2505 jus
605 2438 679 2493 dicit.
699 2457 709 2492 s
725 2436 868 2494 Osteusuur
886 2436 1038 2506 crustemium
1052 2449 1102 2488 an·
1152 2434 1223 2503 apud
1236 2434 1340 2489 Litium
1355 2438 1380 2488 iu
1392 2434 1435 2489 bis
1447 2434 1557 2490 serbis:
1576 2456 1587 2489 r
1602 2434 1719 2490 Oriundi
1732 2433 1767 2491 ab
1775 2434 1882 2497 Sabinis,
1893 2449 1927 2496 ne,

307 2511 349 2557 ten
366 2519 381 2558 a
396 2505 473 2561 uobis
490 2507 686 2580 multiplicique
707 2508 851 2578 exerrrplo,
874 2516 928 2565 taur
944 2504 1101 2562 Graecorum
1152 2505 1214 2574 quia
1229 2515 1287 2574 post
1314 2505 1344 2561 P.
1360 2505 1428 2560 Tatii
1453 2516 1569 2562 mortem
1592 2504 1626 2561 nb
1648 2520 1697 2561 sue
1723 2515 1797 2576 parte
1818 2519 1865 2559 non
1882 2512 1930 2559 etat

305 2572 399 2641 sirus,
415 2592 495 2646 quarn
509 2577 666 2635 Latinorum
680 2579 726 2645 ito,
740 2594 789 2648 pro
800 2575 866 2646 sien,
879 2580 919 2635 tel
933 2577 1034 2643 nunde,
1046 2592 1101 2633 non
1154 2583 1304 2645 regsrmum,
1325 2576 1351 2631 in
1371 2578 1500 2632 societate
1522 2590 1598 2654 acqua
1621 2578 1820 2646 possessionem
1842 2575 1929 2641 imperii

304 2645 454 2702 insolenter
477 2651 609 2720 usurpari.
625 2652 658 2707 Et
670 2650 741 2722 quud
764 2666 836 2707 nune
859 2651 886 2705 in
906 2648 1016 2705 Eusebii
1040 2648 1102 2703 loeo
1152 2648 1317 2714 amitterent,
1331 2647 1371 2702 sui
1393 2648 1515 2717 corporis
1528 2648 1614 2704 creari
1628 2663 1723 2717 regem
1737 2647 1864 2711 volebant,
1877 2662 1886 2697 s
1899 2643 1929 2715 (id

305 2715 461 2774 adverbium
475 2723 498 2776 sl
511 2731 573 2777 ante
585 2725 680 2780 αἰτῶσι
693 2721 887 2791 supplevimus,
901 2720 936 2776 ita
949 2718 1099 2774 laciendum
1152 2726 1205 2783 est,
1215 2718 1260 2788 qui
1273 2729 1345 2774 esset
1355 2734 1387 2774 es
1404 2718 1541 2789 Sabinisl:
1558 2718 1594 2774 ita
1607 2718 1715 2774 Licinio
1723 2721 1750 2773 in
1762 2721 1810 2775 bac
1820 2719 1928 2786 epistota,

305 2785 389 2845 luisse
399 2792 486 2862 argntit
498 2791 569 2848 hnud
582 2794 669 2850 solum
678 2792 786 2848 collatio
800 2808 861 2848 eum
876 2801 981 2857 nostro,
990 2791 1013 2844 si
1024 2799 1102 2859 pute·
1153 2787 1306 2844 Ciristinuis
1319 2797 1348 2844 et
1360 2791 1462 2860 corpori
1476 2789 1702 2858 emesenorum,
1720 2788 1862 2844 locutiones
1879 2795 1930 2842 suu

304 2859 398 2925 nerim,
408 2861 456 2917 sed
470 2862 541 2935 quod
554 2863 663 2935 insuper
682 2878 735 2919 non
750 2864 873 2933 proxime
887 2871 1016 2935 sequatur
1029 2859 1101 2931 apud
1153 2874 1311 2932 synonymae
1334 2875 1444 2932 prorsus
1467 2869 1495 2916 et
1517 2862 1689 2931 promiscuae,
1705 2874 1771 2930 quas
1789 2868 1891 2924 tantum
1903 2871 1929 2912 ne

305 2927 450 2986 Eusebium
461 2936 624 3010 npoosbloei
633 2959 673 3002 rs,
685 2943 732 2990 aut
740 2934 841 3007 aliquid
858 2934 922 3001 tale,
938 2947 1030 2989 terum
1042 2933 1102 2988 sine
1152 2945 1260 3003 semper
1272 2930 1364 2986 iisdem
1381 2930 1533 2988 denotionis
1555 2930 1673 2996 diceret,
1704 2932 1878 2987 intermiscuit.
1891 2927 1930 2982 tt·

306 2998 358 3053 ulla
372 3003 478 3072 copula,
491 3008 664 3085 repossidere,
675 3014 705 3062 ut
716 3007 832 3077 pendent
843 3004 1015 3061 manilestoa
1031 3017 1102 3073 prae-
1152 3016 1204 3072 que
1228 3001 1298 3057 inlra
1323 3012 1412 3058 temen
1428 3018 1476 3074 pro
1489 3001 1697 3059 Clrriuinnomns
1720 3001 1929 3084 summu-ideas

305 3071 411 3128 cedenti
425 3071 505 3138 ὅπως.
1153 3089 1206 3127 uno
1222 3072 1282 3129 loeo
1304 3073 1330 3128 in
1345 3073 1440 3129 eadem
1455 3073 1598 3130 versiones
1615 3091 1625 3126 e
1641 3072 1703 3130 Tire
1716 3072 1893 3144 Corporatrom
1904 3085 1930 3123 ur

346 3142 391 3199 Vel
403 3147 446 3215 qni
460 3147 527 3203 dono
548 3157 622 3203 erunt
640 3147 778 3206 comneni.
791 3147 894 3217 Potius,
907 3146 1029 3219 quidone
1044 3145 1137 3226 [uec
1156 3143 1321 3200 bssembties
1335 3145 1365 3200 ol
1385 3144 1430 3200 tbe
1451 3144 1613 3211 Christiane
1630 3143 1657 3199 id
1679 3152 1736 3210 est,
1763 3157 1876 3214 corpora.
1894 3138 1928 3196 tel

304 3219 364 3267 rurrt
376 3220 512 3273 conseent.
529 3218 616 3275 Geor.
1153 3224 1239 3271 eoetus
1252 3212 1483 3280 Christianorunt;
1502 3234 1512 3267 s
1529 3226 1557 3271 et
1580 3214 1644 3270 alibi
1657 3230 1769 3271 rursum
1781 3229 1791 3268 .·
1803 3231 1813 3267 e
1827 3213 1877 3268 Tbe
1888 3212 1928 3292 ibo·

340 3284 373 3340 St'
404 3289 569 3345 utuuerintds
590 3287 1101 3358 nostresbeneuolentinoliquitl,rionriuns
1152 3285 1211 3341 dies
1223 3296 1365 3355 corporate
1374 3286 1405 3343 oi
1417 3286 1463 3343 tito
1479 3286 1646 3354 Citristians;
1664 3304 1674 3338 s
1695 3286 1748 3341 boc
1759 3291 1810 3352 est,
1823 3284 1928 3354 collega,

304 3303 443 3422 postnldnt.
456 3359 542 3416 Locus
557 3360 627 3418 baud
641 3376 734 3430 parum
748 3362 876 3428 dillieilis,
887 3361 945 3417 sire
960 3371 1101 3430 propterea
1152 3357 1195 3413 rel
1214 3358 1358 3414 societates
1368 3357 1594 3414 Christianorum.
1794 3427 1800 3439 ι

303 3426 377 3495 quod
391 3427 425 3483 de
439 3429 497 3500 ejus
512 3432 664 3504 integritate
677 3444 704 3488 et
716 3431 887 3489 distinctione
902 3446 956 3487 uun
974 3431 1102 3486 convenit
1189 3426 1250 3483 Non
1271 3430 1299 3483 in
1323 3446 1354 3484 eo
1373 3429 1439 3484 loco.
1454 3428 1519 3484 bele
1530 3430 1569 3484 in.
1585 3428 1777 3493 &senentes
1794 3433 1853 3508 rtem
1864 3422 1927 3481 Gale.

304 3496 1101 3574 intertocrosstvequonismperstemnnattteomtinsebio
1151 3498 1313 3556 -ttetendn
1335 3500 1380 3556 bic
1400 3500 1565 3571 praepositio,
1581 3500 1619 3555 uti
1643 3509 1671 3555 et
1694 3512 1776 3570 supra
1798 3496 1927 3552 tanentnu

303 3580 407 3624 eertum
420 3570 556 3631 bominem
571 3575 732 3647 intelligunt,
747 3576 791 3631 alii
808 3589 936 3630 semron
952 3573 1099 3641 bominem,
1152 3571 1254 3627 monui.
1272 3570 1397 3627 Teucrus
1667 3638 1674 3652 '
1784 3639 1790 3650 ‚

303 3640 352 3697 sed
367 3642 686 3711 aliquibuscunque
701 3656 754 3702 tota
768 3646 935 3703 siebreriter
947 3644 1038 3700 babet.
1187 3640 1390 3697 Consurrerunt.
1412 3639 1474 3697 llud
1497 3641 1571 3697 ned.
1599 3639 1696 3695 versio
1720 3640 1831 3711 anglica.
1851 3636 1875 3693 ld
1887 3646 1928 3718 est,

340 3714 518 3771 Scribendum
532 3732 631 3774 censeo
644 3737 650 3771 :
665 3718 701 3774 Si
715 3718 857 3790 optooerint
872 3718 904 3772 de
918 3726 1005 3771 rrostro
1024 3716 1101 3771 bene·
1150 3722 1344 3768 consumerent.
1356 3742 1392 3755 —
1406 3713 1464 3769 Non
1485 3710 1626 3782 improbo,
1641 3711 1685 3767 rel
1701 3710 1738 3767 ob
1761 3708 1929 3782 praecederetis.

304 3783 521 3856 solentinollqnid
535 3791 668 3856 niensium,
683 3789 820 3860 postulent.
837 3788 954 3843 Diaulus.
967 3784 1100 3842 Credide-
1153 3800 1164 3836 t
1181 3784 1253 3855 quod
1267 3784 1289 3839 si
1302 3783 1397 3841 eadem
1411 3785 1479 3849 loca,
1503 3784 1537 3839 ad
1551 3797 1612 3910 epm
1630 3791 1711 3837 antea
1726 3782 1865 3862 conuenire
1877 3794 1929 3834 ena·

304 3869 363 3910 ram
377 3866 466 3924 antea,
477 3856 548 3914 bunc
561 3862 650 3916 loetum
665 3860 787 3914 montilum
800 3874 872 3926 esse,
885 3857 1098 3929 legendumque:
1150 3862 1304 3911 sueverant.
1321 3873 1332 3909 s
1353 3856 1445 3929 Neque
1470 3855 1557 3928 impro
1577 3853 1651 3920 abst,
1665 3854 1775 3924 opinor,
1792 3851 1887 3908 Tolltus
1901 3846 1928 3902 sd

305 3924 339 3982 δι’
360 3927 504 3996 putruerint
517 3927 550 3984 de
567 3940 654 3986 nosue
677 3930 849 3986 benevolentia
874 3928 972 4000 aliquid
995 3944 1102 4001 sperttn·
1150 3927 1290 3983 caterba.

305 3995 377 4062 dnm,
392 3998 516 4053 neudum
527 4003 665 4074 postulent.
677 4000 731 4057 Sed
744 4016 814 4057 stunc
825 4000 892 4055 nibil
906 4008 991 4063 muto,
1008 4008 1036 4056 et
1055 4013 1100 4055 ue-
1186 3997 1228 4052 Ad
1234 4000 1282 4067 jus
1295 3998 1411 4070 emporis
1430 4012 1528 4052 eorurn.
1542 4035 1549 4051 .
1565 4035 1573 4050 .
1588 3996 1756 4070 pertinentia.
1774 3993 1828 4051 linc
1839 3999 1884 4074 etl.
1896 4003 1930 4044 se·

304 4068 375 4138 cipio
385 4071 413 4126 rb
427 4069 552 4126 nennium
565 4088 614 4143 pru
627 4089 671 4138 eu,
682 4071 754 4143 quod
776 4086 825 4142 pro
840 4069 1009 4126 restitutione
1019 4070 1101 4126 bonu·
1150 4070 1268 4125 eundum
1283 4069 1452 4125 tralationem
1466 4067 1618 4140 anglicam,
1639 4067 1803 4138 pertinentis
1818 4064 1849 4120 ad
1868 4063 1929 4125 illos,

303 4154 363 4194 rum
374 4136 521 4196 Christiani
533 4143 627 4199 deberi
640 4143 692 4197 sibi
706 4142 845 4224 putabant,
861 4140 898 4196 uti
913 4140 1023 4197 illustris
1036 4138 1101 4196 lecit
1151 4145 1278 4211 tanquam
1293 4139 1327 4195 ad
1349 4154 1493 4196 commune
1513 4153 1633 4209 corpus:
1651 4155 1662 4191 r
1680 4137 1754 4195 ‘ibat
1777 4132 1894 4205 belonged
1909 4140 1932 4187 tt

303 4207 420 4267 libanius.
434 4211 501 4266 Eam
516 4229 578 4270 mos
601 4214 793 4270 indemnitatem
817 4221 906 4268 sonat.
921 4210 1050 4269 sonorus.
1064 4241 1101 4254 -
1150 4210 1224 4267 tlnem
1235 4226 1265 4268 as
1275 4227 1289 4265 a
1300 4210 1374 4282 Bndy
1386 4209 1631 4281 corporate.sQuis
1642 4209 1716 4264 enim
1728 4204 1931 4288 tnnqsnreodosr·

303 4279 348 4337 sto
363 4282 505 4354 legendum
519 4304 525 4341 :
540 4286 571 4342 Si
581 4284 749 4360 poscendum,
764 4283 908 4358 putruerint
919 4283 952 4337 de
962 4295 1049 4338 nostro
1058 4282 1101 4339 be-
1150 4298 1200 4351 pus
1219 4292 1383 4352 corporatum
1392 4281 1426 4337 de
1437 4281 1519 4336 verbo
1537 4281 1571 4362 ad
1588 4279 1700 4336 terbum
1714 4277 1849 4363 transient
1858 4270 1930 4358 letali

303 4353 444 4409 neoolenlin
458 4353 567 4426 aliquid,
577 4358 700 4414 tironum
711 4357 847 4428 postulent.
863 4383 899 4397 —
916 4353 958 4409 Nil
973 4355 1022 4409 nisi
1045 4355 1101 4409 dis·
1189 4353 1230 4407 lt'o
1243 4353 1329 4407 omnio
1340 4354 1405 4424 leqe,
1420 4369 1472 4422 que
1485 4368 1604 4422 rupertus
1618 4351 1857 4421 comprobendsrntts
1868 4356 1930 4424 nite.

304 4422 416 4495 tinguo:
433 4425 466 4481 Si
482 4430 625 4496 putruerint
648 4427 679 4483 tle
702 4438 790 4484 nostre
808 4425 979 4482 tennotenrtn
1002 4425 1101 4497 aliquid
1151 4431 1204 4479 etc.
1227 4423 1321 4480 Scribe
1338 4423 1423 4480 levem
1448 4423 1649 4505 distinctionem
1714 4432 1739 4478 st
1758 4416 1932 4493 conprensu-

302 4495 427 4552 nieoriuns
440 4501 576 4566 postulent.
590 4499 670 4565 Gale;
686 4499 749 4554 item
763 4498 958 4554 columbus·
970 4494 1100 4551 Vitorium
1154 4511 1222 4561 ntus,
1236 4494 1307 4566 quod
1327 4493 1423 4550 codem
1448 4508 1528 4550 sensu
1542 4508 1575 4549 es
1596 4494 1665 4548 lucau
1687 4508 1747 4557 um,
1768 4505 1821 4561 quo
1833 4501 1931 4559 conpit-

303 4566 442 4628 postulent.
459 4570 621 4642 rrpoosbboos
635 4577 673 4644 τῷ
689 4571 731 4625 inl
749 4570 834 4626 rinus
844 4571 909 4645 lnip
935 4592 954 4641 ῳ
967 4566 1102 4634 δικάζοντι,
1117 4553 1262 4621 Dnensunr
1276 4566 1367 4648 eso-in
1377 4565 1563 4648 sequentibus.
1579 4510 1805 4621 genuussuum.-
1814 4557 1930 4637 Emendt:

304 4633 447 4691 Eusebius.
465 4637 493 4694 tot
508 4650 551 4695 est
567 4657 573 4694 :
590 4642 781 4709 iiiproeseetnnt,
795 4642 839 4709 qui
854 4641 880 4693 in
903 4590 949 4693 ido
974 4639 1104 4709 prouincia
1155 4636 1404 4708 conspiciendum,
1420 4651 1498 4705 eoque
1520 4645 1595 4701 ostro,
1610 4642 1664 4691 etc.
1690 4650 1751 4706 quoe
1772 4633 1860 4689 rocula
1872 4641 1931 4684 eset·

297 4708 347 4762 fus
370 4706 443 4772 dicit,
470 4709 574 4764 edebat.
602 4709 735 4764 Valesius.
751 4738 787 4751 -
813 4708 941 4764 Vitorium
965 4710 1103 4780 postulent.
1155 4709 1230 4764 disse
1242 4708 1308 4763 nsibi
1321 4709 1397 4774 risa;
1418 4708 1501 4773 alias,
1516 4722 1594 4777 quent
1609 4705 1845 4779 comprehendimus
1857 4701 1932 4767 leten-

329 4790 417 4844 empe,
430 4779 474 4846 qui
491 4781 527 4834 'us
542 4779 619 4834 ditet.
637 4779 707 4835 Edit.
718 4780 806 4835 Onon.
821 4779 1010 4835 otilone-Se
1021 4797 1104 4852 pour·
1154 4778 1230 4846 drtru,
1245 4777 1471 4849 queamdmodum
1486 4792 1547 4833 mos
1560 4795 1568 4833 ε
1579 4778 1646 4832 sicut
1657 4776 1777 4859 superins
1788 4771 1932 4846 conspiciet·

304 4848 404 4903 ooiront
415 4798 559 4922 ponderare
574 4850 609 4906 les
619 4851 736 4907 uieoires.
746 4850 896 4907 Mnucnors.
911 4849 994 4918 Quasi
1006 4850 1101 4906 dicas:
1154 4866 1212 4905 suns
1225 4861 1272 4905 est.
1287 4850 1411 4906 loeutus.
1423 4876 1456 4891 ·-
1469 4848 1613 4912 ilabebam,
1630 4859 1727 4919 parum
1739 4862 1800 4903 euru
1811 4838 1932 4926 bobembo

305 4918 1104 4992 sicarios,utsuisrationibusprouidesnt,rogabunt,nuno·
1155 4930 1269 4989 nostro,
1294 4923 1337 4977 eui
1360 4918 1493 4975 busensis
1524 4934 1633 4991 quoque
1656 4918 1742 4974 editio
1764 4914 1930 4986 adsaporetur.

305 4998 380 5046 tante
393 4992 487 5047 eodem
499 4994 525 5048 in
539 4995 659 5065 margine
673 4993 879 5059 anteversionis‚
893 4990 1007 5047 Vicorios
1020 4993 1103 5049 luisse
1155 4992 1255 5063 partim
1281 4999 1383 5047 mutato
1405 4990 1530 5061 amplius,
1555 4990 1604 5046 sed
1623 4989 1740 5069 leuiter,¹
1751 4986 1845 5068 ordine
1853 5001 1860 5048 ;
1876 5001 1885 5034 r
1900 4977 1930 5033 Et

306 5060 456 5117 lientenonts
470 5064 505 5117 du
517 5067 599 5137 pretet
609 5066 645 5121 du
660 5064 867 5136 pretoire;quod
879 5079 983 5135 nequeo
995 5064 1102 5132 ruelius,
1157 5065 1258 5127 oannis,
1273 5078 1324 5133 qua
1338 5062 1397 5133 lege
1411 5061 1537 5131 superius
1549 5059 1812 5141 comprehendimus,
1824 5063 1883 5134 entra
1896 5045 1931 5105 tl·

305 5147 386 5203 quam
399 5133 506 5190 uicenos
520 5137 634 5262 prospecti
645 5138 764 5209 pretorio
774 5145 930 5192 restere-
940 5135 1018 5191 Sltoll
1031 5151 1064 5208 po
1078 5146 1105 5192 to
1157 5134 1210 5189 lam
1223 5148 1334 5206 prorsus
1348 5133 1550 5203 ambiguitatem
1568 5133 1610 5188 sel
1622 5137 1829 5211 controversiam
1843 5122 1930 5180 breden
2001 5167 2002 5170 ,

305 5218 376 5258 sonte
397 5207 554 5277 mopistrete.
593 5208 688 5263 ralatio
704 5206 819 5279 anglica.
846 5208 886 5262 sd
912 5208 1032 5272 verbum,
1052 5206 1104 5262 aii·
1157 5204 1329 5272 Christianis
1351 5204 1379 5260 id
1391 5209 1444 5268 est,
1458 5203 1566 5274 corpori
1587 5211 1615 5259 et
1634 5198 1830 5257 eonsenurutrs
1850 5203 1929 5272 serap

306 5288 388 5345 quem
414 5277 600 5349 magistratum
623 5282 832 5336 convenientu-
844 5277 927 5334 Nobis
948 5277 1037 5341 liceat,
1061 5276 1105 5334 tel
1158 5273 1235 5332 reddi
1254 5274 1371 5346 iubebis.
1387 5294 1397 5328 s
1413 5274 1453 5330 lta
1466 5275 1567 5346 quippe
1589 5272 1661 5330 facili
1680 5287 1762 5343 opers
1783 5273 1876 5339 integra
1888 5268 1931 5320 eu

305 5353 370 5428 post
383 5353 423 5403 tot
447 5348 615 5405 eruditorum
637 5349 785 5407 sententias
797 5348 832 5406 de
847 5348 899 5406 lnoe
925 5348 985 5404 loco
999 5348 1105 5415 allatas,
1159 5345 1251 5414 lectio,
1267 5356 1324 5404 eto
1345 5346 1571 5403 timecobaerens.
1843 5407 1850 5421 ,
1876 5404 1883 5417 ,

305 5415 434 5487 podiorum
461 5429 593 5486 nostrum,
620 5421 817 5492 qualecumque
854 5420 900 5483 sit,
922 5420 1104 5489 interponere.
1195 5417 1304 5474 Sonos.
1320 5361 1446 5474 genno.
1461 5416 1552 5473 Editio
1572 5413 1718 5499 Aboensis3
1737 5408 1927 5484 biendostssmt·

306 5487 361 5542 dut
377 5488 466 5556 lectio,
483 5505 563 5560 quam
585 5491 725 5548 euidenter
747 5490 881 5546 Eusebius
906 5497 1014 5546 secutus
1040 5499 1105 5544 este
1195 5487 1324 5562 Prospere
1348 5488 1506 5544 enormibus
1529 5488 1634 5544 nortus.
1658 5485 1764 5551 bialum,
1782 5500 1792 5536 s
1813 5485 1929 5552 prospers

308 5556 340 5611 Si
352 5561 485 5628 peronne
506 5563 538 5615 tte
552 5570 639 5615 nostro
661 5561 831 5617 beneuolentin
849 5559 956 5632 aliquid,
977 5558 1107 5615 Vitorium
1159 5565 1329 5616 successibus
1342 5558 1451 5624 uostris,
1467 5559 1509 5616 rel
1524 5574 1651 5632 prospere
1660 5555 1803 5612 fluentibus
1814 5545 1928 5607 euocati·

328 5631 447 5696 estulent,
458 5646 585 5702 germana
598 5641 640 5688 est
653 5646 681 5688 et
694 5634 809 5705 genuina
820 5642 863 5698 3et
879 5642 942 5687 tuuc
954 5646 1008 5686 non
1025 5631 1107 5688 modo
1158 5630 1209 5687 bus
1221 5633 1330 5687 nostris.
1349 5650 1359 5683 s
1375 5631 1502 5687 Tountus.

309 5644 449 5766 Eudieron,
464 5702 487 5755 si
500 5704 654 5771 putruerint,
665 5713 757 5774 aperte
768 5702 898 5758 mendosa
910 5700 1106 5768 interit,verum
1198 5720 1207 5754 s
1227 5700 1262 5760 tts
1273 5712 1362 5759 summ
1377 5702 1456 5773 bujus
1479 5701 1626 5758 sanctionis
1642 5695 1831 5756 benevolentia
1845 5694 1926 5748 trois

307 5766 389 5825 etiarn
400 5772 430 5827 rb
440 5769 538 5844 aliquid
550 5786 604 5831 nou
614 5772 649 5831 ad
676 5783 833 5846 sequentem
854 5787 949 5833 rotent
971 5774 1104 5841 nicenum,
1159 5772 1245 5831 lotura
1265 5775 1299 5831 ad
1319 5774 1439 5831 omniura
1454 5774 1540 5847 possit
1549 5772 1688 5847 pervenire
1701 5769 1829 5836 notitiem,
1842 5758 1924 5836 ptum
