4142 6184
169 265 223 328 baa
477 272 635 332 bisseni.
656 273 689 331 it
709 272 774 331 itti.
797 273 840 332 bc
859 274 1033 335 biottitittis
1055 276 1248 339 iitbsecbl.
1269 280 1345 339 (illl.
1368 282 1436 339 xltt.
1769 292 1821 348 aas

165 386 224 444 diri
235 387 358 459 Adriani,
373 390 422 451 scd
437 407 489 449 non
514 396 626 453 multum
642 397 792 466 miraberis,
808 397 830 453 si
845 396 963 453 Probum
978 398 1080 462 Acerc
1100 399 1191 471 liceat,
1209 400 1333 459 dicemus
1358 405 1399 460 bis
1424 405 1512 462 rer-bis
1537 407 1680 480 significari
1700 410 1819 483 eqtiria,

165 483 280 555 cogitas,
309 485 507 544 adolescentem
522 505 585 546 rere
611 491 760 562 probum.»
785 490 885 548 Contra
901 507 966 548 vero
1017 507 1079 565 quae
1092 492 1160 551 lesta
1173 502 1252 550 erant
1265 495 1306 551 sic
1324 499 1515 566 cognominata
1535 499 1570 554 ab
1589 517 1720 572 equorum,
1733 503 1763 559 rit
1782 505 1821 559 ait

166 574 290 634 Galerius
309 587 355 634 aut
365 623 372 648 ,
384 580 407 636 si
420 583 497 649 uelis,
508 582 641 656 impulsus
655 586 690 640 ab
712 585 760 640 illo
784 584 966 643 Diocletianus
1017 583 1104 642 Varro
1115 584 1207 661 (l'arr.
1217 587 1288 643 libr
1300 587 1332 643 de
1343 587 1420 662 Liug.
1433 592 1497 664 lut.)
1511 608 1597 647 curru.
1615 593 1655 649 Eo
1668 596 1746 663 euim,
1758 612 1820 669 per-

167 669 232 726 ierit
249 671 422 729 Maximinum
449 674 583 730 tribunum
612 676 796 733 adolescentem
819 675 964 749 quemdam,
1016 678 1055 749 git
1066 678 1120 746 ille,
1132 679 1174 734 dic
1187 689 1295 734 curruut
1309 681 1365 752 egui
1379 682 1407 736 iu
1420 699 1510 755 campo
1522 683 1629 739 Martio.
1647 684 1741 742 Festus
1752 702 1819 744 xero

166 762 238 819 sicut
253 765 290 820 ait
302 764 419 822 Cecllius
434 767 502 841 (erp.
519 767 577 840 iti),
597 769 810 835 semibarbarum,
823 777 904 839 atque
928 768 965 823 lta
1017 770 1142 827 observat
1162 769 1241 827 ludos
1253 785 1314 827 esse
1332 789 1395 845 quor
1415 773 1542 830 Romulus
1557 773 1637 832 diarii
1651 779 1759 833 instituit
1775 796 1820 848 per

166 855 194 912 itr
208 860 392 929 manuscripto
404 860 506 917 mdice.
529 861 661 916 Bandrius
683 868 772 916 tamen
796 862 847 933 legi
873 859 965 916 mallet
1016 878 1139 933 egueram
1157 879 1279 930 currum,
1295 865 1339 936 qui
1358 866 1385 920 iu
1401 883 1491 939 campo
1509 866 1605 924 Martio
1625 871 1817 929 exercebuntur.

164 950 372 1018 semibarbarum,
389 952 452 1024 quia
466 950 562 1009 Cicero
576 953 691 1023 juvenes
704 961 783 1009 rorat
796 952 962 1010 barbatulos.
1016 954 1101 1026 (Fert.
1118 956 1162 1011 lib.
1178 954 1210 1010 de
1220 956 1288 1012 reri.
1305 955 1440 1029 Signiferi
1453 976 1476 1014 u.
1491 960 1621 1031 liquirici.
1639 963 1716 1019 Prius
1728 975 1818 1021 autem

165 1041 251 1100 Recte
261 1044 370 1116 quidem
386 1044 553 1114 barbatulos,
575 1050 622 1104 sed
637 1064 691 1103 uon
706 1048 913 1104 semibarbaros.
930 1048 966 1104 bt
1016 1048 1127 1105 Ouidius
1139 1051 1236 1106 cecinit
1249 1051 1305 1123 (lib.
1323 1066 1342 1106 ιι
1362 1052 1465 1107 Fertor.
1480 1053 1507 1107 iu
1522 1055 1596 1125 uui:

166 1135 284 1192 eeeitirrs
297 1137 402 1195 videtui·
415 1138 587 1197 Maximinum
602 1140 703 1197 idcirco
716 1139 867 1212 appellasse
883 1140 966 1194 seml-
1062 1143 1168 1207 Janrnuc
1179 1143 1235 1194 duze
1247 1150 1341 1195 restant
1353 1152 1439 1195 noctes
1449 1146 1482 1196 dc
1494 1160 1580 1198 mense
1591 1150 1709 1212 secundo,

166 1226 332 1297 barbarum
347 1230 410 1303 quia
422 1246 510 1303 nuper
521 1232 643 1289 sublatus
656 1231 767 1288 lucrata
781 1230 924 1304 pecoribus
938 1238 965 1286 et
1062 1206 1684 1334 ΕχΜξὲζξι’ρῖζῆᾒῑὲἓὲξἑξζῑρῑέὲῗΐῗὲξιῗῃξὲἓῗῦι

166 1323 262 1395 sylvis,
275 1323 318 1394 ptri
340 1340 420 1397 usgue
440 1325 568 1391 urt'lt'ir'nm,
581 1326 667 1398 pergit
688 1325 744 1393 iiie,
758 1339 838 1397 raeque
857 1339 963 1393 rempti-
1093 1329 1154 1394 Quae
1165 1331 1229 1381 deus
1240 1332 1264 1381 iu
1277 1345 1361 1394 campo
1373 1335 1488 1397 prospicit
1502 1335 1556 1396 ipse
1568 1347 1621 1384 suo.

165 1414 261 1471 blicam
273 1415 358 1481 sciret.
368 1417 426 1488 iem
437 1432 490 1473 uou
504 1433 635 1489 pecorum,
643 1416 688 1473 red
700 1416 810 1471 utilitum
819 1423 916 1485 postor.
1018 1412 1051 1470 iit
1064 1413 1144 1484 igitur
1155 1412 1221 1478 badi,
1233 1414 1295 1486 quia
1305 1413 1382 1469 liarti
1403 1416 1483 1470 dicati
1495 1425 1582 1482 erant,
1594 1416 1620 1471 iu
1636 1432 1733 1490 campo
1748 1418 1819 1475 llar-

201 1506 331 1577 Quamvis
352 1517 443 1566 autem
456 1510 536 1581 plano
560 1508 686 1582 indiguus
708 1516 792 1577 esset,
807 1508 852 1579 quui
868 1513 963 1562 contra
1015 1509 1054 1565 tio
1064 1509 1280 1577 celebrabantur,
1293 1517 1409 1566 exeunte
1419 1509 1568 1568 Februario
1590 1527 1693 1580 mense,
1715 1513 1818 1569 rutiuon

163 1613 269 1655 rnorem
288 1609 316 1656 et
338 1599 459 1657 instituta
485 1602 619 1673 maiorum
643 1601 677 1656 ad
699 1598 782 1657 bosce
802 1598 962 1670 dignitatum
1014 1603 1103 1659 solum
1117 1602 1151 1656 ab
1162 1600 1270 1669 ovidio,
1289 1602 1337 1659 scd
1358 1604 1384 1658 in
1406 1604 1524 1672 antiquis
1543 1604 1624 1660 etiam
1647 1605 1819 1662 Kalendariis

162 1693 263 1767 gradus
274 1704 387 1765 repente
408 1694 583 1753 eveheretur:
600 1694 688 1751 lactus
716 1702 758 1750 est
786 1692 961 1749 nibilominus
1016 1696 1284 1771 Romanislliuteud.
1309 1698 1819 1773 ltouruuuouu.urrrdutiquit.boman.)

165 1790 289 1861 postridie
300 1787 395 1857 Gerar,
421 1790 459 1847 ait
477 1790 604 1859 Cecilius,
619 1799 699 1863 atqrte
713 1791 810 1863 accepit
833 1788 962 1845 Orientem
977 1799 1001 1861 Β
1015 1799 1137 1847 notatum
1154 1790 1277 1862 legimus.
1289 1789 1383 1846 Nonae
1399 1802 1487 1846 autem
1509 1804 1573 1846 uero
1586 1794 1652 1846 satis
1670 1791 1758 1847 simile
1777 1803 1820 1847 est

162 1881 316 1937 calcandum
331 1890 355 1939 et
368 1884 561 1941 conterendum.
574 1883 697 1941 Galerius
710 1885 810 1956 quippe
820 1883 906 1946 illum,
922 1883 961 1938 uti
1014 1885 1107 1943 dcciiii
1121 1886 1206 1941 nostri
1218 1883 1307 1940 uerbis
1318 1883 1452 1954 designari
1462 1884 1533 1940 bunc
1549 1884 1721 1955 Equitiorum
1731 1883 1816 1952 diem,

162 1974 310 2048 Eutropius
336 1985 364 2034 et
392 1976 518 2035 Socrates
546 1986 667 2042 nunant,
694 1978 814 2049 praelccit
844 1976 961 2045 Orienti,
1014 1993 1069 2050 qrro
1079 1978 1141 2049 eqrri
1153 1979 1179 2031 iu
1190 1975 1403 2047 campoblartio‚
1415 1977 1492 2047 cujus
1503 1976 1629 2048 frequens
1641 1975 1712 2046 apud
1725 1975 1817 2047 Serip-

161 2081 244 2141 quem
260 2078 353 2140 postea
375 2069 471 2128 Gothis
495 2072 615 2128 barbaris
639 2071 764 2143 stipatus,
785 2069 962 2141 quemadmo·
1015 2077 1089 2126 tores
1113 2068 1229 2133 metatio,
1247 2083 1328 2125 curm
1344 2069 1467 2124 exerceri
1481 2068 1614 2124 solebant.
1637 2067 1721 2124 Nobis
1734 2083 1817 2138 porro

160 2159 226 2216 dum
246 2157 361 2219 (critias
381 2162 516 2235 loquitur,
540 2163 650 2219 ludibrio
670 2164 787 2235 pessime
810 2162 839 2218 in
864 2177 964 2219 manu·
1015 2161 1058 2216 liis
1083 2160 1246 2231 subjungere
1269 2157 1484 2232 liccatGregorii
1505 2160 1671 2216 Turonensis
1695 2159 1814 2233 (Gregor.

161 2253 267 2326 scripio
279 2253 371 2312 codice
383 2256 603 2311 ludibriollaluu't.
1014 2250 1113 2307 Turou.
1134 2252 1179 2308 tit.
1204 2267 1223 2307 tr
1248 2252 1338 2308 luirtor.
1355 2252 1388 2308 tle
1399 2251 1508 2319 Fratue,
1526 2251 1602 2326 529)
1619 2264 1741 2324 tempore
1765 2267 1816 2308 uo-

198 2346 331 2405 Pratcrea
344 2346 467 2405 Galerius
478 2348 539 2405 lruic
549 2349 733 2406 semibarbara
746 2347 860 2416 bomini,
878 2346 962 2403 tantis
1014 2358 1077 2401 rnen
1088 2343 1176 2414 campi
1189 2343 1275 2399 blartii
1288 2343 1376 2399 adbuc
1391 2342 1475 2400 luisse
1498 2345 1524 2398 in
1539 2359 1599 2399 usu.
1613 2344 1668 2399 ilac
1679 2345 1759 2415 igitur
1771 2344 1816 2400 dic

161 2437 341 2511 dignitatibus
354 2451 448 2496 contra
475 2450 561 2498 statas
583 2441 656 2513 leges
679 2450 768 2509 aucto,
790 2443 920 2511 primum,
935 2448 964 2495 et
1013 2434 1174 2492 itaxininus
1188 2435 1215 2490 iu
1227 2450 1323 2504 campo
1338 2435 1442 2501 llurtio,
1456 2434 1501 2507 quui
1513 2435 1538 2490 iu
1561 2433 1692 2506 AEgypio,
1704 2436 1745 2492 rcl
1761 2435 1815 2506 Sy·

161 2531 343 2589 Constantino
358 2532 454 2606 liugno
467 2533 615 2590 securulnm
640 2532 755 2591 casaris
769 2534 857 2590 locum
877 2532 961 2589 dedit·
1013 2530 1070 2598 riu,
1083 2530 1122 2585 uti
1142 2545 1176 2587 ex
1196 2529 1373 2600 sequentibus
1398 2528 1492 2585 Cecilii
1516 2531 1600 2584 nostri
1620 2529 1703 2599 (cup.
1715 2527 1766 2594 52,
1780 2528 1816 2583 35

164 2622 355 2683 Verrunttarnen
365 2625 470 2682 Licinio
480 2627 642 2698 imperatore
656 2635 819 2698 nuncupato,
831 2633 903 2680 tanta
916 2639 962 2680 su·
1014 2634 1039 2678 et
1067 2622 1117 2693 36)
1143 2621 1233 2678 verbis
1254 2619 1399 2693 colligitur,
1421 2622 1489 2676 situs
1513 2619 1680 2686 crat,lactus
1702 2632 1743 2676 est
1765 2619 1816 2674 im-

163 2719 263 2792 perbus
287 2719 331 2777 ille
342 2719 503 2777 llaximiuus
515 2720 617 2777 exarsit
641 2720 797 2785 iracundia,
814 2727 843 2774 ut
856 2732 886 2774 sc
900 2715 961 2774 Cre·
1014 2727 1133 2790 perator.
1147 2718 1174 2775 Si
1195 2733 1300 2790 erraras
1318 2733 1372 2789 qiua
1388 2732 1469 2785 anno,
1487 2716 1712 2789 respondebimus
1737 2730 1810 2771 arrno

163 2826 271 2878 sarem,
287 2822 315 2872 et
328 2813 408 2869 tertio
428 2813 489 2869 loeo
505 2813 654 2885 nuncupari
670 2821 850 2885 aspernatus,
871 2810 905 2867 ad
919 2825 963 2867 sa·
1013 2811 1078 2879 iiio,
1090 2811 1152 2883 quia
1164 2820 1229 2867 trtnc
1238 2809 1362 2868 Galerius
1373 2808 1520 2875 decimum,
1536 2810 1574 2865 uti
1589 2808 1690 2865 ibidem
1707 2809 1816 2879 scripsit

162 2905 268 2961 niorem
295 2914 413 2962 mentem
438 2921 489 2962 nec
507 2905 612 2978 legatis,
629 2920 680 2961 nec
692 2904 818 2976 precibus
840 2903 962 2975 ejusdcm
1015 2909 1143 2975 cecilius,
1158 2916 1322 2964 electarum
1337 2905 1442 2976 imperii
1456 2907 1497 2961 sui
1508 2920 1608 2960 antrum
1619 2903 1724 2975 agebat.
1738 2906 1815 2959 Auno

162 2999 264 3058 Galerii
275 3000 392 3071 polluerit
412 3016 539 3074 umquam
553 3000 685 3057 reuocari.
702 2998 778 3055 Tunc
798 2999 888 3069 itaque
908 2996 961 3054 Ga·
1014 3010 1105 3058 autem
1119 3002 1303 3070 subsequente
1314 2997 1378 3065 511,
1389 2995 1570 3063 illeSardicu,
1586 2992 1814 3067 qtremadmodum

164 3092 261 3149 lerium
274 3092 398 3164 peonituit
417 3091 493 3149 illurn
511 3092 608 3149 iecisse
621 3089 767 3156 Caesarem,
792 3089 840 3146 scd
851 3090 960 3146 lrustra.
1015 3093 1144 3160 diximus,
1158 3098 1345 3146 mortuusest.

163 3186 232 3244 llam
242 3185 404 3243 llaximinus
416 3185 454 3243 illi
468 3186 639 3259 postmodum
651 3185 790 3255 rescripsit
804 3200 834 3241 sc
847 3185 874 3240 iu
887 3198 962 3241 cam·
975 3181 999 3247 C
1312 3195 1458 3237 xnrrcoens
1477 3194 1518 3237 ιιι.

165 3298 200 3356 pn
227 3281 333 3352 biarcio,
359 3283 482 3355 proxime
505 3282 654 3352 celebrato,
670 3292 853 3353 nuncupatum
880 3280 962 3339 luisse
1014 3274 1150 3344 Quomodo
1161 3272 1321 3330 Maximinus
1331 3282 1388 3342 port
1397 3271 1494 3327 Galerii
1505 3279 1612 3326 utorlem
1626 3270 1652 3327 iu
1667 3269 1813 3342 proriucr'os

164 3377 324 3450 Augustum.
341 3376 370 3437 Si
394 3377 475 3433 alium
496 3376 609 3448 lrrrjuscc
634 3376 842 3447 nuncupationis
866 3385 961 3432 teslem
1047 3365 1168 3421 iuoudere
1182 3365 1301 3431 molitur,
1316 3379 1405 3436 parem
1417 3380 1475 3418 cum
1485 3361 1585 3417 Licinio
1602 3363 1702 3434 (corut,
1718 3377 1813 3416 orsur-

164 3468 322 3535 desideres,
340 3470 387 3527 ribi
399 3468 479 3526 fugile
492 3468 600 3525 dubitur
610 3468 754 3537 Eusebius,
765 3468 811 3539 qui
822 3467 879 3524 haec
892 3468 963 3525 pne.
1049 3460 1135 3515 tulerit
1142 3457 1331 3527 indulgentium
1346 3456 1499 3512 Cirrirtiuuir
1518 3455 1654 3511 communi
1668 3455 1752 3509 tutelo
1766 3455 1813 3507 ilu-

164 3563 204 3619 ris
216 3561 357 3619 mantlarit
370 3562 529 3634 :Postquam
539 3562 962 3634 LiciniusAugustusdcclaratus
1050 3561 1113 3617 taur,
1128 3568 1174 3605 0¹1?
1188 3550 1333 3605 rarudoter
1347 3549 1483 3613 1111111101,
1498 3545 1617 3601 ‘eddidit
1636 3545 1814 3617 111111111111118

162 3664 205 3712 est
217 3673 225 3710 t
236 3662 324 3713 pm
336 3657 471 3731 1ngng
479 3655 565 3719 sung,
577 3657 672 3716 pum,
684 3656 757 3730 μόνον
767 3659 884 3730 καίσαρι(
893 3657 964 3734 παρὰ
1050 3654 1166 3710 ornator,
1176 3643 1268 3712 ubique
1277 3640 1434 3695 corratituerit
1447 3639 1604 3710 jusseritque
1611 3635 1815 3692 Cbrlstiauoraut

162 3750 266 3807 rudore-u
276 3750 353 3806 ,igin
365 3749 424 3806 τότε
439 3752 641 3827 χρηματίζοντα,
658 3746 685 3812 ὃς
699 3747 726 3804 gg
743 3744 787 3803 aba
805 3748 838 3803 τά
850 3748 964 3822 μάλιστα
1051 3737 1166 3791 mutilari
1179 3736 1299 3801 membru,
1312 3743 1335 3788 et
1347 3734 1447 3788 uenalia
1466 3731 1553 3787 orrruia
1565 3730 1687 3786 aairualr'o
1701 3746 1718 3784 a
1730 3745 1815 3785 recer-

161 3844 306 3920 τυραῃαός
330 3841 374 3902 ὧν,
388 3843 563 3920 παραρπὰσας
584 3842 669 3916 ἐαυτῷ
678 3845 723 3901 τήν
738 3841 819 3907 ἀξίαν,
836 3839 964 3900 σςὸαστός
1051 3833 1151 3886 1101117118
1160 3830 1267 3885 elititt'ct's
1277 3829 1416 3884 t'ttttltoltlrl‘.

162 3931 193 3995 aiu
207 3934 285 3996 αὐτὸς
309 3932 349 4011 ὑφ’
363 3933 455 3991 ἑαυτοῦ
476 3936 585 4009 γεγονώς
601 3932 707 4006 (burrei.
724 3932 769 3988 lib.
790 3946 839 3986 arn
860 3928 964 3986 Hister.
1053 3925 1102 3982 tibi
1126 3925 1242 3995 primum
1261 3922 1294 3979 dc
1317 3921 1416 3979 Galerii
1441 3928 1527 3977 morto
1548 3921 1657 3976 ntrntius
1671 3918 1816 3976 Maximino

162 4028 267 4097 eccles„
288 4045 346 4101 cup,
365 4030 422 4101 15),
446 4046 456 4081 t
478 4028 555 4097 Quod
576 4028 684 4099 quidem
711 4026 871 4083 Maximinus
893 4040 965 4097 ,τιμε
1015 4017 1115 4073 dllttltts
1135 4024 1187 4081 esi,
1212 4025 1267 4069 111111
1287 4013 1332 4069 iiic
1348 4014 1470 4084 prolibus
1484 4012 1636 4078 atlvoiaiil,
1660 4019 1690 4066 ut
1709 4009 1817 4081 11101111·

163 4121 309 4178 admodum
324 4122 393 4188 tulit,
405 4122 450 4193 qul
465 4121 595 4177 haectenus
607 4119 698 4176 Cacsar
711 4120 850 4174 dumtaxat
862 4116 896 4172 ab
908 4132 964 4173 om·
1015 4110 1072 4165 ciis
1095 4118 1123 4163 et
1145 4107 1235 4163 01111111
1259 4106 1293 4161 dd
1319 4105 1415 4161 11111111
1428 4120 1514 4177 “Silue
1525 4102 1751 4159 Chllssetlffllifflffl
1764 4100 1816 4157 libi

164 4213 245 4271 nibus
257 4215 455 4287 appellabatur.
463 4214 512 4270 ilie
520 4230 584 4285 ergo
595 4227 651 4283 ure
659 4212 765 4268 ceteris
779 4210 966 4283 tyrannicoin·
1015 4201 1174 4260 uindicaret.
1187 4202 1326 4272 Ingressus
1341 4199 1431 4270 itaque
1444 4200 1470 4252 in
1484 4197 1645 4267 bithyniam,
1657 4192 1690 4250 ad
1705 4202 1817 4264 captata·

163 4304 962 4384 genioprceditus,drrgustusasenretipsoreunntintusest.»
1016 4297 1079 4352 darn
1099 4292 1190 4365 populi
1210 4291 1445 4354 benevolentiam,
1468 4302 1579 4344 censum
1601 4285 1674 4341 illico
1693 4284 1818 4341 sustulit.

199 4404 253 4463 Sed
268 4405 304 4461 ibi
320 4405 409 4461 locatur
424 4418 476 4460 nou
486 4403 619 4474 designat,
631 4401 658 4457 in
667 4414 721 4472 quo
730 4413 884 4469 supremam
897 4397 966 4452 lianc
1017 4390 1086 4445 Tum
1098 4384 1196 4443 deiude
1206 4399 1267 4440 curn
1281 4384 1374 4439 oborta
1385 4390 1458 4438 esset
1470 4382 1539 4436 iuter
1554 4379 1628 4435 illum
1643 4387 1670 4435 et
1686 4379 1818 4435 Licinium

164 4498 280 4572 burgasti
308 4506 468 4570 potestatem
495 4496 544 4554 sibi
573 4495 718 4566 arrogavit.
746 4491 863 4548 Cecilius
888 4505 966 4546 vero·
1017 4480 1163 4547 discordia,
1179 4494 1249 4550 pcue
1263 4478 1296 4533 ad
1311 4492 1384 4533 arma
1399 4477 1481 4532 ivero.
1497 4473 1550 4530 Sed
1562 4473 1643 4530 certis
1657 4472 1819 4530 conditioni·

165 4602 260 4648 noster
280 4594 361 4664 (cau.
377 4589 429 4661 bb)
447 4590 549 4646 diserte
568 4585 657 4642 dixit:
673 4583 706 4640 lu
733 4600 824 4655 campo
851 4582 965 4650 llurtio,
979 4569 1069 4633 llius
1089 4575 1177 4632 lesdas
1196 4582 1223 4630 ct
1238 4589 1287 4644 pax
1312 4572 1337 4627 in
1353 4571 1448 4628 eodem
1464 4569 1532 4626 lreto
1546 4566 1755 4629 Chalcedonico.
1768 4580 1819 4624 seu

165 4685 282 4757 procliue
294 4682 430 4739 celebrato.
444 4681 509 4749 Quis
519 4688 608 4736 autem
622 4678 657 4735 sit
668 4675 713 4732 ille
722 4687 834 4745 campus
843 4672 964 4740 llartius,
1018 4669 1133 4727 Thracio
1148 4677 1194 4724 aut
1206 4667 1345 4737 Bosphoro
1357 4681 1418 4721 curn
1433 4673 1546 4735 utroque
1558 4670 1635 4735 parta
1657 4671 1710 4718 est.
1734 4660 1820 4730 tinius

165 4794 220 4834 uon
250 4776 361 4832 minima
391 4777 460 4831 inter
486 4772 607 4830 eruditos
631 4767 805 4827 contentione
832 4773 964 4823 certatur.
1017 4771 1108 4819 autem
1123 4759 1282 4832 pacisque
1299 4767 1390 4827 postea
1404 4767 1480 4827 rupta
1497 4756 1561 4824 luit,
1577 4753 1709 4811 Eusebius
1724 4752 1819 4810 menri·

165 4869 329 4927 Existimant
339 4868 410 4924 enim
431 4864 552 4923 nonnulli
563 4879 625 4921 eum
636 4863 676 4920 sic
695 4860 823 4933 appellari
841 4857 965 4914 amulti·
1018 4855 1058 4911 nii
1071 4853 1128 4928 (lib.
1144 4868 1171 4909 tx
1183 4852 1273 4906 uictor.
1292 4849 1381 4906 eccles.
1395 4866 1453 4922 cop.
1467 4848 1522 4920 llll.
1708 4933 1712 4938 ἡ

166 4963 260 5020 tudine
280 4961 419 5018 bominum
435 4961 479 5035 qui
496 4959 559 5015 illuc
574 4966 622 5012 aut
641 4954 770 5023 muneris,
787 4951 967 5009 autvenatio·
1055 4946 1184 5003 Securior
1197 4943 1260 5000 inde
1282 4943 1367 4999 lactus
1389 4941 1565 5008 llaximinus,
1588 4953 1767 5011 reversusque
1789 4937 1817 4994 in

166 5059 220 5123 nis,
233 5066 281 5113 aut
291 5056 415 5112 ludorum
426 5067 507 5110 causa
517 5049 698 5108 confluebant.
710 5047 762 5104 11111
774 5044 893 5118 pbraslm
904 5057 966 5100 esse
1019 5039 1158 5097 Orientem
1173 5056 1181 5092 ε
1196 5036 1231 5092 iu
1241 5035 1388 5109 primiani
1399 5034 1526 5101 Cecilius,
1541 5033 1725 5106 indulgentium
1736 5031 1821 5087 ebur·

166 5151 241 5207 illius
256 5151 394 5220 temporis,
407 5160 459 5219 qtra
479 5142 679 5216 significabatur
688 5139 747 5196 diss
769 5138 908 5201 solemnis,
920 5143 967 5192 aut
1019 5134 1097 5189 tiouir
1109 5131 1237 5187 communi
1249 5129 1327 5185 tutelo
1346 5130 1433 5182 dotum
1457 5127 1535 5195 tollit,
1551 5125 1577 5181 id
1592 5136 1643 5195 cst,
1658 5127 1767 5184 sustulit
1780 5124 1823 5181 la·

166 5243 288 5310 comitia,
312 5242 411 5312 quibus
429 5239 591 5298 creabantur
609 5234 747 5292 consules.
767 5232 881 5302 Quidam
901 5245 967 5288 vero
1020 5228 1147 5286 cultatem
1159 5241 1239 5297 quam
1256 5222 1395 5291 Galerius,
1412 5222 1483 5277 sicut
1503 5218 1583 5292 paulo
1598 5229 1678 5277 antea
1692 5220 1822 5277 observa·

166 5335 314 5407 opinantur
325 5333 437 5390 indicari
451 5331 521 5388 diem
541 5328 703 5394 solemnem,
713 5340 768 5398 qrro
782 5323 892 5389 milites,
907 5324 967 5380 sire
1020 5322 1135 5387 bamus,
1160 5319 1216 5391 jam
1246 5315 1394 5373 moriturus
1428 5311 1582 5370 clrristianis
1610 5301 1722 5368 dederat
1753 5310 1826 5366 cdi·

167 5425 372 5491 exercitii,sirc
391 5421 500 5479 alterius
514 5421 553 5476 rei
578 5418 697 5474 causain
717 5431 801 5472 unum
821 5429 969 5487 congrega·
1022 5413 1121 5471 beandi
1146 5410 1290 5478 ccclesias,
1314 5416 1343 5466 et
1377 5421 1454 5463 suam
1477 5401 1621 5478 prolitendi
1648 5401 1819 5475 religionem.

167 5517 471 5579 morinummontem
495 5509 823 5583 beccintcrpretanturde
842 5508 968 5563 militari·
1022 5507 1162 5565 Testatum
1183 5519 1248 5562 rero
1273 5500 1407 5559 Eusebius
1432 5496 1499 5571 (lii.
1522 5512 1551 5553 ax
1578 5494 1679 5551 llirtor.
1706 5492 1824 5558 becles„

166 5613 223 5671 bus
232 5609 361 5679 comitiis,
375 5607 474 5682 quibus
492 5607 591 5664 milites
613 5616 694 5675 atque
710 5602 845 5659 exercitus
870 5598 970 5656 lustra·
1022 5617 1083 5673 rap.
1095 5599 1132 5671 1)
1154 5597 1220 5656 lacit
1232 5595 1405 5654 Maximinum
1430 5606 1525 5649 ausum
1547 5589 1655 5663 quidem
1670 5602 1723 5644 non
1738 5584 1824 5643 luisse

168 5705 285 5772 barim,
313 5703 537 5776 quotiescumque
565 5699 714 5769 imperator
737 5692 859 5767 jubebas
888 5691 972 5750 Nobis
1023 5692 1086 5751 baie
1099 5693 1205 5761 edicto,
1218 5689 1291 5765 quod
1307 5699 1396 5746 tamen
1411 5687 1462 5759 ipsi
1485 5684 1662 5756 displicebat,
1676 5681 1764 5754 palam
1778 5693 1826 5736 re·

172 5809 240 5856 uero
249 5798 272 5853 sl
284 5795 327 5853 lis
338 5795 465 5853 omnibus
475 5801 582 5849 nostras
601 5801 710 5862 quoque
722 5786 893 5858 coniecturas
902 5785 972 5855 adil·
1025 5786 1134 5856 lragari.
1148 5787 1319 5857 Quapropter
1341 5782 1413 5838 nulia
1439 5777 1567 5848 deinceps
1588 5774 1669 5847 bilius
1687 5771 1768 5833 edicti
1781 5770 1832 5829 aa·
