4142 6184
167 264 222 321 889

530 266 685 324 ptssttttt.
707 266 740 324 th
761 267 826 324 tls.
848 267 893 324 DE
912 267 1087 328 arbustulis
1106 269 1298 327 elissaeus.
1318 270 1396 328 cle.
1420 271 1453 328 V.

1767 271 1821 329 sab

164 380 222 440 Nec
237 381 337 439 desunt
354 381 454 449 etiam,
468 381 514 452 qni
530 392 686 454 corruptum
700 381 772 439 illius
785 391 887 440 textum
904 398 965 440 sus·
981 387 1006 446 Α
1020 399 1068 440 nes
1081 384 1174 450 etiam,
1190 383 1235 455 qni
1249 383 1325 440 illum
1346 383 1548 468 cantitabantur·
1561 383 1660 440 milites
1680 394 1737 440 tam
1760 400 1824 456 per·

164 476 303 549 picantor.
315 473 351 531 lli
362 474 425 530 huie
436 475 607 531 tenchricoso
617 477 677 532 locu
690 473 778 532 locem
793 475 904 532 forsitan
921 477 970 531 ali-

163 585 248 642 qnam
273 568 351 624 alieri
370 571 427 638 jam
442 568 589 625 laudatusa
604 569 683 624 nobis
696 571 827 626 Eusebius
846 575 856 642 i
874 571 968 626 Eureia.

161 664 235 721 tila
253 665 284 718 dc
309 661 376 718 Vita.
394 662 540 728 Constant,
560 681 617 732 cop.
635 664 763 736 51qu
784 664 849 719 illud
863 666 968 736 signum

162 757 305 831 quomodo
324 757 533 815 aConstantino
554 757 647 831 cilingi
666 760 770 829 jussum
790 770 847 827 est,
861 760 901 814 sic
920 759 967 816 de·

165 850 284 920 scripsit
297 850 417 918 silesia,
430 852 528 921 inquit,
537 851 867 922 longior,auroconteata‚
882 861 970 907 trans·

159 962 294 1014 versant,
315 946 401 1002 instar
413 946 523 1013 crucis,
538 956 685 1001 antennam
708 945 834 1001 babebat.
857 944 887 1000 ln
911 944 969 1016 ipsa

160 1052 260 1097 autem
275 1039 360 1095 hastas
373 1039 528 1094 summitate
540 1051 641 1093 corona
655 1039 771 1108 gemmis
783 1045 812 1093 et
823 1053 890 1092 auro
904 1051 970 1092 con·

160 1139 259 1195 texta,
273 1132 361 1201 posita
377 1138 455 1197 erat,
469 1129 495 1184 in
505 1145 558 1201 qna
569 1145 668 1185 nomen
680 1127 782 1184 Christi
795 1128 900 1185 duabus
910 1137 970 1183 tan·

160 1233 223 1279 tum
239 1222 336 1294 primis
348 1223 409 1291 ejus
419 1220 517 1277 litteris
528 1222 643 1292 graecis,
657 1219 824 1276 hernatscet
843 1228 871 1276 et
889 1219 910 1274 P
922 1219 970 1274 de-

158 1313 336 1386 signabatur,
349 1315 506 1386 xiaeopiaou
516 1353 524 1378 ,
536 1313 623 1385 inquit
637 1312 789 1379 Eusebius,
806 1319 851 1369 τοῦ
867 1325 886 1367 t>
903 1313 970 1368 κατὰ

159 1407 191 1465 τὸ
211 1407 385 1480 μεσαίτατον,
410 1405 500 1460 littera
514 1405 535 1461 P
548 1405 658 1460 ararim
672 1405 699 1459 in
717 1403 801 1459 aredio
823 1405 968 1459 decrustare.

159 1497 339 1569 Purpureum
348 1507 437 1552 autem
450 1496 537 1552 velum
549 1511 615 1551 auro
623 1494 914 1568 geminisquululgens,
922 1511 971 1550 an·

158 1600 260 1647 tentiae
285 1589 397 1645 altinum
410 1588 595 1661 dependebat,
613 1600 694 1660 atque
706 1590 739 1644 ad
758 1589 841 1659 ipsius
857 1590 970 1645 sunrmi·

156 1690 267 1749 tatem,
282 1691 309 1737 et
322 1681 373 1737 snb
387 1682 446 1752 ipso
461 1682 550 1737 crucis
570 1683 648 1753 signo
661 1690 720 1738 erat
739 1696 820 1736 aurea
833 1681 969 1736 Cnrrstan·

1020 479 1114 549 spicue
1123 478 1257 541 sidereum
1273 485 1352 545 nt,eo
1363 478 1431 543 visn,
1444 479 1629 539 vehementer.
1639 477 1709 532 sieut
1719 477 1758 533 ait
1768 476 1824 533 Eu·

1020 571 1113 626 sebius
1130 568 1336 641 (Ensth.,ibid.,
1348 586 1406 640 cap.
1423 568 1460 625 28
1473 568 1496 642 ),
1514 569 1695 641 obstupefacti
1704 570 1823 626 luerint?

1021 661 1075 720 Sed
1088 662 1123 719 de
1137 677 1171 718 co
1185 661 1275 718 adhuc
1290 675 1394 732 postea.

1057 756 1092 809 ht
1107 754 1216 809 dubium
1233 752 1353 824 proiecto
1366 753 1413 809 tibi
1427 753 1562 811 ridebitur
1573 769 1608 809 an
1622 755 1730 825 quidam
1740 755 1819 811 Tollii

1021 845 1128 902 sodales
1150 845 1234 915 ipsius
1258 860 1313 900 uon
1337 846 1452 902 vicerint
1472 847 1664 903 temeritatem.
1690 847 1748 903 Non
1772 847 1824 903 hoc

1020 940 1093 994 enim
1104 938 1202 994 lactum
1217 937 1263 994 ille
1279 938 1387 1008 penitus
1399 953 1499 1010 negare
1514 954 1596 994 ausus
1609 950 1661 1007 est,
1669 940 1716 996 sed
1725 938 1823 996 absur-

1020 1032 1132 1089 dissime
1151 1032 1354 1103 interpretatur.
1371 1032 1422 1089 atii
1441 1049 1505 1089 nero
1520 1044 1548 1089 ιιι
1568 1035 1632 1090 illud
1648 1045 1695 1090 ant
1714 1034 1822 1105 laisum,

1020 1136 1068 1181 aut
1080 1125 1176 1180 saltem
1190 1125 1324 1182 incertum
1342 1140 1405 1181 esse
1419 1126 1575 1192 ostendant,
1588 1127 1666 1182 nohis
1691 1129 1824 1193 obiiciunt

1021 1218 1121 1273 nullam
1132 1217 1167 1274 ab
1179 1219 1295 1274 Eusebio
1313 1218 1393 1289 lanius
1406 1219 1474 1291 signi
1490 1222 1516 1275 in
1530 1219 1719 1276 Ecclesiastico
1736 1222 1824 1277 histo·

1019 1312 1061 1368 ria
1074 1326 1121 1368 sua
1135 1311 1192 1366 lieri
1206 1313 1381 1369 mentionem.
1393 1312 1446 1369 bed
1458 1313 1533 1384 qnid,
1542 1313 1640 1369 amabo
1653 1322 1690 1379 te,
1702 1328 1734 1369 ea
1745 1329 1826 1385 argn-

1020 1403 1187 1459 mentatione
1201 1403 1286 1474 magis
1298 1402 1385 1472 futile,
1399 1405 1538 1476 magisque
1551 1405 1736 1462 imbecillum?
1753 1405 1825 1461 Non·

1020 1512 1056 1553 ne
1068 1500 1102 1552 ad
1114 1498 1292 1553 asserendam
1307 1500 1346 1554 rei
1362 1499 1474 1568 alicujus
1488 1499 1630 1555 veritatem
1652 1498 1772 1564 sufficit,
1796 1509 1826 1555 ιιι

1022 1592 1099 1647 testis
1122 1592 1196 1646 onrni
1207 1591 1260 1647 [lde
1272 1592 1370 1663 dignus
1383 1592 1467 1647 semel
1487 1602 1570 1661 atque
1585 1601 1772 1648 asseveranter
1786 1591 1827 1646 nl·

1020 1683 1109 1738 lirmet
1124 1683 1190 1738 nihil
1202 1699 1263 1738 esse
1277 1698 1308 1740 ea
1323 1684 1426 1739 certius
1438 1692 1466 1739 et
1478 1683 1587 1739 verius?
1602 1683 1736 1754 Numquid
1751 1683 1825 1738 illins

155 1775 211 1831 tini
225 1784 257 1831 et
272 1776 418 1832 liberorum
428 1774 486 1846 ejus
497 1776 616 1846 efligies,
629 1784 740 1845 pectore
754 1784 832 1830 tenus
848 1773 964 1842 depicta.
982 1775 1005 1834 B
1018 1776 1046 1830 in
1056 1790 1110 1831 uno
1123 1775 1193 1830 libro
1203 1774 1338 1830 silentium
1351 1775 1460 1830 disertm
1472 1784 1501 1830 et
1512 1788 1652 1846 expressae
1660 1774 1722 1845 ejus
1732 1775 1759 1830 in
1773 1773 1825 1830 alia

156 1869 197 1926 At
214 1867 254 1924 ibi
281 1868 415 1924 Eusebius
429 1883 483 1923 non
499 1867 579 1922 inodo
593 1881 702 1922 crucem
725 1865 854 1942 describit
866 1881 881 1920 a
895 1863 969 1920 Con·

155 1961 289 2018 smntino
302 1961 403 2026 risam,
417 1961 466 2017 sed
481 1968 640 2016 ornamenta
654 1958 736 2016 etiam
749 1972 832 2014 aurea
844 1967 871 2012 et
893 1971 969 2028 gem·

1020 1869 1250 1925 commentatione
1263 1870 1406 1926 assertioni
1423 1867 1619 1939 praeierendnm
1635 1868 1699 1924 est?

1056 1962 1092 2020 dt
1106 1964 1166 2034 qnis
1181 1978 1250 2033 opus
1263 1969 1333 2028 erat,
1350 1963 1485 2032 itaquiunt,
1503 1971 1533 2018 ut
1548 1962 1827 2033 Constantinusjure·

154 2070 248 2123 mea,
273 2055 372 2127 qnibns
393 2054 428 2110 ab
442 2069 476 2110 eo
497 2053 627 2123 deinceps
648 2051 775 2108 decorata
791 2051 849 2106 luit.
874 2048 971 2105 Narrat
1018 2054 1135 2127 inrartdo
1150 2054 1270 2111 lirmarct
1282 2054 1423 2111 sevidisse
1433 2054 1523 2110 crucis
1538 2054 1801 2125 bominicaesignum
1817 2095 1825 2115 ,

154 2149 241 2206 euim
255 2147 324 2203 nibil
341 2148 392 2219 ipsi
407 2146 523 2216 primunr
537 2145 710 2216 apparuisse,
726 2144 779 2199 nisi
791 2143 897 2214 signnm
910 2157 971 2197 cru·
1021 2147 1045 2203 si
1061 2157 1114 2202 tarn
1128 2146 1258 2202 mirabilis
1272 2146 1386 2217 prodigii
1403 2147 1614 2204 innumerabiles
1629 2147 1824 2218 propemodum

154 2242 201 2298 cis
217 2240 250 2298 in
261 2240 333 2296 eoelo
345 2255 378 2295 es
394 2238 455 2299 luce
469 2237 625 2295 conllatnm.
647 2235 751 2293 Cetera
769 2250 835 2291 vero
848 2234 971 2305 pnsthaec
1022 2239 1123 2297 luerint
1135 2240 1321 2311 spectatores?
1336 2238 1390 2293 Sed
1407 2239 1591 2310 quandonam,
1605 2253 1709 2309 quasa,
1726 2238 1827 2309 juravit

157 2333 198 2389 ab
216 2333 267 2387 itio
277 2331 383 2403 adjecta
395 2339 475 2399 sunt,
498 2338 611 2401 excepto
625 2328 695 2385 aaut
710 2327 791 2384 dabie
804 2326 901 2382 Christi
915 2340 972 2381 ιιιο-
1022 2332 1075 2389 boc
1090 2331 1298 2402 iusiurandum?
1311 2330 1380 2388 Num
1409 2331 1590 2402 praesentibus
1613 2330 1711 2385 iisdem
1732 2330 1826 2385 ιῃῑιῑιῑ.

155 2434 369 2500 nogrammate,
384 2425 440 2481 site
455 2424 560 2496 duabus
575 2424 667 2494 primis
680 2421 779 2476 litteris
790 2420 898 2491 graecis,
910 2419 971 2490 qui·
1023 2426 1073 2482 has
1083 2426 1095 2479 ‘i
1107 2424 1217 2480 hlinirne
1227 2423 1336 2495 quidem
1353 2423 1422 2479 :sed
1436 2424 1526 2493 longo,
1541 2424 1578 2477 ait
1594 2422 1747 2490 Eusebius,
1762 2431 1824 2493 post

158 2520 222 2575 bus
241 2525 327 2572 toturn
350 2532 449 2572 numen
464 2516 523 2586 ejus
547 2513 724 2586 significatur.
749 2509 868 2567 (lecilins
881 2519 971 2565 antem
1022 2526 1163 2588 tempore,
1183 2528 1264 2587 arque
1284 2515 1383 2572 idcireo
1403 2530 1496 2570 eoram
1514 2514 1576 2571 aliis
1590 2516 1762 2586 quibasdam,
1778 2517 1825 2587 qai

156 2611 216 2668 has
226 2610 299 2666 duas
312 2609 430 2665 nominis
440 2607 539 2664 Christi
551 2608 657 2678 priores
668 2605 770 2660 litteras
783 2605 852 2660 iuter
864 2618 894 2659 se
907 2619 972 2659 coit·
1024 2609 1078 2665 hoc
1089 2610 1195 2679 signnm
1212 2608 1324 2664 coeleste
1338 2623 1391 2664 non
1411 2609 1553 2675 viderant,
1572 2617 1619 2664 ant
1632 2618 1706 2664 certe
1718 2607 1827 2665 dabita-

156 2717 256 2761 nexab
271 2700 417 2772 designare
431 2701 537 2757 videlttl'
550 2699 592 2754 his
603 2698 711 2753 verbis:
726 2695 880 2752 Trttttttlmss
895 2693 973 2749 Xit'l-
1023 2702 1089 2758 bant
1104 2710 1193 2755 utrum
1207 2715 1272 2755 vera
1285 2699 1479 2756 Conshagqtipus
1493 2709 1625 2756 narraret,

156 2806 222 2852 tera
237 2811 339 2850 mmmo
349 2797 433 2866 capite
448 2794 520 2848 iliius
536 2792 709 2873 encausticae.
721 2789 774 2845 Seu
789 2789 825 2845 ibi
836 2789 924 2844 libere
939 2787 971 2853 Ρ,
1060 2792 1144 2849 lnstat
1156 2801 1247 2848 tamen
1263 2793 1396 2848 recentior
1407 2792 1515 2863 qnidam
1528 2792 1709 2849 heterodoxus
1720 2793 1827 2864 signum

155 2904 230 2961 quae
244 2885 366 2942 metanda
381 2895 422 2942 est
437 2886 555 2941 nominis
569 2882 680 2947 Chri-ali.
697 2898 711 2937 a
728 2882 839 2938 libratio
850 2879 973 2937 solimis
1023 2887 1089 2945 illud
1106 2886 1227 2942 naturale
1243 2886 1324 2942 luisse
1339 2886 1563 2956 plraenomenum,
1583 2887 1652 2955 quod
1673 2884 1828 2943 Corrstanti-

156 2980 273 3036 omissa
288 2986 344 3041 0⁸²5
360 2978 421 3048 (luis
434 2991 551 3048 erutam
562 2974 738 3045 ffliiuscblssm
751 2989 811 3028 0⁸⁵⁰
825 2972 971 3035 nesciebal·
1025 2997 1100 3049 num,
1110 2977 1392 3049 Astrologiaescientia
1403 2994 1496 3050 parum
1507 2977 1577 3034 haud
1588 2978 1669 3035 dubie
1681 2979 1825 3050 imbutum,

156 3083 190 3130 0²
205 3073 331 3144 ιιῐῑθῐθῐῐῑ
345 3069 454 3144 Ρΰωῧὲῑ
465 3083 526 3125 0³8⁰
540 3066 762 3124 ¹²¹l¹¹²¹¹bssf¹¹li⁸
771 3082 852 3136 ll0ff⁰
866 3067 972 3137 situum
1025 3075 1062 3131 ita
1075 3074 1102 3129 in
1116 3074 1157 3129 sni
1173 3072 1263 3142 rapuit
1276 3072 1493 3138 admirationem,
1517 3085 1547 3126 nt
1558 3072 1677 3128 diuinum
1693 3072 1760 3128 lnlso
1771 3074 1828 3129 exi·

156 3180 234 3224 cnm
246 3164 367 3220 nominis
380 3161 482 3218 Christi
498 3172 729 3232 monogrammate
742 3159 795 3214 tale
805 3155 921 3213 Catilius
933 3156 975 3212 de·
990 3158 1014 3222 C
1029 3168 1189 3224 animaverit,
1204 3164 1340 3238 Numquid
1355 3180 1451 3221 omnes
1466 3166 1548 3221 etiam
1562 3166 1671 3233 uirilitas,
1688 3175 1768 3236 atque
1781 3165 1827 3221 alii

157 3259 303 3331 ῦῑθῠὸιῑῑι
318 3256 398 3328 quale
415 3256 441 3312 5¹¹
457 3255 584 3318 nummis,
599 3254 714 3324 aliisque
727 3251 911 3307 ⁰⁸⁰¹¹¹¹¹¹10¹¹¹55
925 3267 974 3306 ³¹¹·
1022 3261 1117 3326 etiarn,
1131 3261 1176 3332 qni
1197 3269 1272 3315 tanto
1287 3274 1399 3315 numero
1413 3275 1475 3315 enm
1497 3259 1707 3329 minitabantur,
1730 3259 1826 3316 eadem

155 3351 332 3423 liquissitnis
344 3348 495 3420 saepissime
507 3356 726 3419 representatur.
1023 3354 1194 3427 ignoratione
1214 3353 1320 3423 decepti
1340 3353 1421 3408 sunt?
1442 3351 1577 3424 Numquid
1592 3353 1673 3409 etiam
1697 3350 1827 3408 staturalis

197 3447 274 3516 Quis
289 3446 380 3516 itaque
402 3445 492 3500 antimo
514 3444 583 3499 adeo
606 3442 716 3512 patienti
743 3455 804 3496 esse
820 3448 928 3510 potest,
944 3448 973 3494 at

155 3541 228 3599 ullo
244 3539 347 3610 absque
361 3545 435 3594 mtrtu
451 3534 677 3591 heterodoxorum
690 3529 868 3604 quorumdam
883 3530 971 3586 linini-

153 3648 233 3690 num
251 3630 321 3686 ierat
339 3630 508 3701 pervicacem
524 3626 681 3693 audaciam,
694 3625 740 3696 qui
752 3639 813 3679 eum
828 3623 897 3679 hanc
910 3637 972 3678 ern-

154 3729 204 3788 cis
221 3723 345 3790 Christi,
359 3724 480 3795 aliasque
496 3738 592 3779 ornnes
604 3736 695 3777 sacras
709 3720 840 3791 imagines
852 3718 970 3792 pmscri·

153 3823 248 3885 bant,
260 3833 293 3873 ac
305 3817 488 3884 detestentur,
503 3825 605 3871 tenuere
624 3823 751 3869 asserunt
761 3812 809 3869 illo
821 3814 898 3882 signo
909 3810 968 3866 nul-

153 3915 219 3972 lam
246 3912 335 3968 crucis
348 3909 477 3979 effigiem,
499 3909 546 3964 sed
559 3909 647 3964 solum
660 3906 762 3962 Christi
777 3920 876 3962 nomen
888 3903 971 3959 inisse

155 4004 418 4078 repraesentatum?
433 4001 502 4069 Quid
517 4001 590 4057 eninr
602 4000 688 4070 magis
700 3998 872 4054 terrremrinm
884 4007 912 4053 et
925 3995 972 4051 lal-

153 4113 227 4156 sum
243 4095 309 4164 fingi
321 4095 448 4165 poterat?
461 4093 531 4161 Quid
540 4091 693 4147 evidentias
702 4104 729 4145 et
739 4090 840 4146 certius
851 4090 972 4145 testimo-

154 4191 211 4249 nio
228 4188 361 4254 Eusebii,
389 4188 434 4258 qni
460 4185 569 4255 quidem
590 4184 669 4256 quale
689 4193 762 4240 esset
785 4182 850 4238 illnd
864 4183 970 4253 signnm

153 4285 283 4343 suismet
302 4280 387 4338 oetrlis
404 4279 524 4336 viderat:
538 4276 570 4334 *ο
582 4276 614 4339 δὴ
625 4279 668 4333 και
680 4278 748 4350 ἡμᾶς
758 4275 894 4350 ὀφθαλμοῖς
909 4276 971 4331 nort

155 4374 267 4435 συνίὸη
280 4369 449 4449 repuleritis.
465 4369 546 4440 atqui
561 4368 618 4438 ipse
628 4380 758 4438 expresse
770 4365 887 4420 affirtnal
905 4365 970 4420 illud

154 4481 229 4525 esse
251 4468 368 4537 σταυροῦ
383 4483 517 4539 amaron,
533 4459 617 4514 uncis
637 4469 780 4531 lropoettm,
801 4466 828 4512 el
854 4460 971 4530 σήμιιον,

1023 3450 1075 3507 luit
1087 3450 1184 3506 horum
1198 3450 1343 3505 verborum
1357 3446 1441 3520 τούτῳ
1450 3451 1517 3516 nixa,
1528 3448 1576 3502 hoc
1589 3450 1671 3516 aiace,
1684 3456 1713 3502 et
1728 3447 1826 3517 prima·

1022 3560 1083 3601 rum
1099 3543 1216 3600 nominis
1226 3542 1326 3597 Christi
1341 3543 1490 3597 litterarum
1504 3542 1655 3610 inscriptio,
1671 3549 1716 3594 aut
1727 3556 1758 3595 ea
1770 3539 1824 3596 ior·

1023 3638 1092 3692 tuito
1105 3633 1299 3690 casuaeeidit?
1312 3632 1418 3689 Nemini
1440 3643 1516 3687 certe
1529 3631 1586 3686 sani
1607 3631 1703 3701 capitis
1722 3629 1824 3685 bomini

1023 3729 1051 3787 ld
1066 3743 1193 3800 umquam
1207 3727 1296 3783 veniet
1308 3727 1334 3781 in
1345 3737 1475 3781 mentem.
1492 3725 1571 3795 Atqui
1585 3723 1731 3790 Eusebius,
1744 3720 1824 3794 quid·

1023 3824 1088 3894 quid
1102 3821 1217 3891 scriptor
1230 3819 1276 3876 ille
1291 3818 1389 3876 lrnstra
1401 3818 1532 3874 reclamet
1544 3859 1551 3884 ‚
1564 3817 1652 3887 palam
1668 3815 1825 3887 disertoque

1022 3915 1120 3970 asserit
1134 3914 1190 3969 visa
1205 3913 1328 3983 lectaque
1349 3911 1432 3966 luisse
1446 3925 1460 3965 a
1476 3907 1658 3966 Constantino
1679 3908 1776 3981 blaigno
1797 3918 1826 3964 et

1023 4004 1082 4062 haec
1093 4005 1190 4073 rerba,
1204 4012 1232 4059 ct
1245 4004 1305 4059 illas
1317 4018 1425 4074 qnoque
1439 4003 1554 4058 litteras.
1575 4001 1640 4070 Quis
1657 4014 1748 4056 antem
1770 4002 1825 4056 Eu·

1022 4099 1110 4164 sebio,
1124 4107 1187 4153 trine
1196 4098 1307 4157 viventi.
1317 4096 1492 4167 potiusquam
1505 4097 1649 4150 temerario
1662 4094 1745 4148 nostri
1755 4102 1825 4149 tem-

1023 4189 1098 4260 poris
1113 4188 1249 4258 scriptori,
1266 4187 1338 4243 nulla
1352 4187 1513 4243 auctoritate
1527 4184 1604 4250 salto,
1619 4183 1700 4239 lldem
1711 4197 1765 4240 non
1778 4184 1827 4241 ha·

1022 4285 1108 4343 beat?

1059 4379 1118 4435 Non
1129 4377 1245 4448 amplias
1258 4377 1349 4447 itaque
1362 4374 1407 4431 bic
1423 4375 1465 4430 rel
1479 4375 1523 4429 alii
1537 4374 1663 4430 audiendi
1677 4383 1759 4442 sunl,
1775 4375 1823 4445 qui

1023 4472 1101 4529 nobis
1115 4472 1204 4526 adbuc
1218 4484 1358 4539 perperam
1372 4467 1511 4538 objectant
1522 4467 1591 4522 hanc
1603 4465 1745 4522 historiam
1761 4482 1826 4538 pau·

155 4564 282 4636 datium·
303 4562 338 4613 At
355 4572 409 4612 ¹¹0ss
425 4571 509 4621 cilix,
525 4554 666 4624 inquiunt.
682 4551 731 4606 ⁸⁰⁶
744 4549 869 4605 Chii-“²¹¹⁸
882 4549 975 4604 mundi
987 4550 1014 4611 D
1027 4561 1330 4626 loaliteraSozomeno,
1342 4558 1536 4630 Philostorgio,
1547 4573 1580 4615 ac
1591 4558 1751 4629 quibusdam
1765 4558 1828 4615 aliis

158 4658 298 4718 salvator
312 4664 365 4710 est.
379 4653 449 4723 Quid
463 4651 546 4708 inde?
559 4648 694 4721 Numquid
707 4648 911 4704 idcircossotllrt
925 4648 977 4702 Eu·
1025 4654 1233 4723 recentioribus,
1251 4669 1333 4724 quam
1350 4653 1384 4709 ab
1409 4652 1530 4710 Eusebio
1560 4661 1707 4723 nostroque
1726 4651 1828 4709 Cecilio

159 4750 241 4809 senii
255 4761 285 4805 et
298 4748 414 4805 aliorum
429 4747 550 4803 omnium
572 4745 761 4800 auctoritatem
776 4741 871 4797 corrltci
887 4749 975 4811 potest
1025 4749 1153 4807 describi.
1165 4748 1230 4819 eris
1244 4763 1360 4819 namque
1372 4747 1458 4825 nescit
1473 4729 1541 4803 iacta
1555 4746 1678 4817 qondam
1690 4755 1719 4803 et
1730 4754 1828 4803 eventa

161 4840 252 4905 illud.
264 4855 318 4912 titio
330 4840 365 4896 de
378 4839 494 4911 thinius,
509 4853 563 4894 ¹¹⁰¹!
575 4837 659 4893 fuisse
669 4849 762 4891 teleta
777 4832 975 4890 crucissilhfssli
1025 4857 1040 4897 a
1055 4842 1191 4899 nonnullis
1205 4840 1380 4910 scriptoribus
1397 4839 1482 4895 insius
1495 4840 1627 4904 enarrari,
1642 4839 1676 4894 ab
1689 4840 1748 4894 aliis
1762 4852 1828 4895 vero

159 4936 290 5007 signum,
303 4931 416 5002 ‘imque
429 4929 547 5000 0fflbiffl¹¹
560 4930 572 4983 ⁴?
1025 4935 1154 4994 brevius?
1169 4933 1304 5007 Numquid
1316 4948 1381 5003 ergo
1396 4933 1467 4988 ullus
1479 4948 1511 4988 ea
1524 4931 1627 4987 idcirco
1642 4929 1767 4987 falsitatis
1781 4945 1826 4986 ar·

201 5026 291 5085 unito
311 5039 376 5081 sane
397 5025 487 5080 minus
510 5023 577 5080 ierri
601 5021 684 5080 debct
696 5021 740 5078 rix
759 5036 824 5077 sane
837 5020 976 5076 credibilis
1026 5043 1110 5098 gnere
1124 5042 1250 5095 nunqnam
1265 5024 1443 5080 audebitihd
1458 5024 1516 5077 linc
1528 5037 1593 5076 nero
1612 5021 1687 5076 citati
1702 5021 1825 5092 Scripto-

160 5125 252 5185 'l'ollii
277 5121 460 5193 impudentia,
480 5121 527 5191 qui
551 5134 634 5176 ansus
643 5128 684 5175 est
710 5119 798 5188 palam
818 5133 976 5174 asseverare
1026 5134 1072 5175 res
1085 5117 1178 5174 nullibi
1195 5128 1295 5187 negant
1308 5117 1394 5171 visum
1412 5129 1427 5168 a
1442 5111 1723 5183 Constantinohlagnn
1736 5113 1828 5169 bomi-

160 5222 242 5278 banc
263 5226 381 5272 ostense
401 5211 580 5270 Constantino
599 5213 688 5268 crucis
707 5208 808 5266 Christi
830 5209 974 5280 imaginem
1026 5209 1191 5267 nicaecrucis
1205 5210 1326 5279 signum:
1340 5204 1571 5260 irnmoneroillud
1584 5207 1673 5274 potius
1686 5205 1825 5263 stabiliunt

163 5325 231 5369 esse
246 5315 426 5382 stratagema„
441 5307 475 5362 ad
497 5306 628 5362 militares
641 5313 763 5361 aeterum
776 5302 973 5372 Imperatorum
1025 5313 1053 5359 et
1065 5301 1237 5358 corrilrmant.

164 5400 283 5460 iraudes
294 5397 476 5455 relerendum.
497 5396 551 5453 Sed
573 5395 824 5469 impudentissimus
837 5395 883 5450 ille
894 5394 975 5452 horno
1064 5395 1184 5466 Denique
1200 5391 1323 5450 nonnulli
1338 5394 1424 5463 gratis
1444 5390 1549 5460 lingunt
1561 5386 1663 5444 Christi
1679 5404 1777 5445 nomen
1798 5390 1824 5445 in

164 5512 183 5553 a
199 5493 288 5552 sodali
304 5508 354 5549 suo
368 5493 488 5548 baudrio
501 5502 576 5548 recte
590 5491 746 5562 castigatur.
762 5489 821 5558 Qua
832 5489 973 5544 enimvero

165 5599 250 5663 putas
261 5586 407 5643 ratione'id
418 5585 559 5642 abeodem
570 5582 707 5641 Tollioibi
720 5580 864 5652 probatum
875 5578 973 5634 anlla

166 5681 290 5754 penitus.
318 5677 352 5732 Et
375 5687 450 5735 certe
464 5677 529 5750 quid
549 5675 650 5732 allcrre
671 5683 775 5745 poterat
793 5681 887 5727 contra
908 5670 973 5726 illud

168 5763 392 5843 aruclasignttm,
404 5767 475 5843 qrrod
487 5768 627 5830 noneolas
640 5763 844 5833 constantinus,
859 5762 907 5822 sed
916 5779 974 5822 om·

1025 5503 1061 5545 so
1073 5486 1226 5543 admirabili
1241 5486 1318 5556 signo
1329 5490 1554 5556 repraesentatum
1570 5496 1624 5537 nnn
1639 5479 1732 5536 inisse.
1757 5480 1824 5537 Nam

1025 5580 1052 5635 hi
1067 5595 1121 5635 non
1133 5579 1214 5635 rrrodo
1227 5577 1471 5634 vetustissimorum
1484 5574 1665 5644 Scriptorum,
1678 5573 1726 5628 sed
1736 5574 1826 5631 sociu-

1025 5686 1086 5727 rum
1097 5671 1179 5726 etiam
1199 5685 1309 5725 suornm
1331 5683 1392 5724 ntor
1409 5668 1554 5723 citatorum
1569 5664 1723 5721 testimonio
1734 5664 1824 5720 rerin-

1025 5772 1133 5823 cttntur·
1147 5761 1201 5821 bed
1214 5762 1279 5836 quid
1293 5762 1391 5821 mirum
1405 5760 1429 5819 sl
1448 5758 1572 5819 homines
1584 5770 1679 5817 arrora
1689 5753 1763 5816 ducti
1774 5754 1826 5815 stat
