4142 6184
154 310 209 371 tls

151 526 179 581 iu
193 526 295 599 Legum
311 529 388 586 libris
404 551 410 586 :
429 549 439 583 ι
462 530 532 600 Quid
545 531 657 588 omuino
671 533 706 588 sit
720 533 807 601 Deris,
823 551 876 590 non
892 550 954 592 esse

151 619 348 688 quarendum
363 626 425 693 quia
436 638 487 679 nee
499 623 613 679 inueniri
626 626 720 695 possit,
737 640 787 682 nec
796 627 951 699 enarraret»

150 709 321 782 Pythagoras
335 727 442 786 quoque
465 730 549 771 unum
571 715 657 772 Deum
680 716 824 773 confitetur
840 718 953 785 diceus,

805 319 908 378 Ltuuu
928 320 973 379 DS
993 321 1053 380 md
1073 323 1138 380 DEl.

150 434 207 500 ait,
231 449 241 485 a
257 429 371 489 immam
386 434 434 492 [lei
447 450 501 492 non
515 444 643 508 oportere
654 437 793 511 conquiri;
811 458 821 492 r
834 450 862 496 ει
874 441 952 497 Plato
964 447 993 505 Α

1311 440 1426 499 CAPUT
1450 442 1507 498 xtt.

1204 554 1244 611 De
1267 555 1389 628 reliqiorte
1405 568 1430 613 et
1445 557 1493 614 uer·
1507 558 1607 614 liotore.

1043 712 1127 769 Nuue'
1142 713 1268 783 quomam
1293 714 1483 784 respondimus
1505 716 1594 786 irnpiac
1618 717 1796 787 qrrorumdam

149 802 352 875 incorporalem
367 821 430 863 esse
442 819 577 876 mentem,
598 825 658 881 quae
671 825 721 881 per
734 825 843 866 ornnem
864 826 955 867 rerum
1006 805 1214 877 detestabilique
1232 808 1401 878 prudentie,
1417 808 1459 862 vel
1484 809 1572 878 potius
1595 809 1739 875 amentiae,
1762 825 1808 865 ro·

150 905 279 952 staturam
294 898 389 954 mursa
403 910 431 956 ει
443 899 566 967 intenta,
582 901 691 958 sitalem
715 890 826 959 serr'sum
848 904 955 961 cunctis
1005 897 1117 953 deantes
1129 897 1162 953 ad
1176 897 1353 969 propositum.
1372 899 1509 967 Diximus,
1533 900 1666 971 religione
1684 902 1806 967 suhlata,

150 990 334 1048 estimantibus
368 992 478 1050 tribuat.
507 993 683 1051 Antisthenes
708 1003 798 1052 autem
829 995 857 1051 in
881 996 955 1068 Phy-
1005 1004 1056 1045 1¹00
1069 989 1229 1058 sallsssslllffl
1252 990 1338 1045 ¹in
1354 1006 1510 1059 ⁰08⁵&ssssss
1521 989 1746 1062 justitiamque
1761 1007 1806 1047 ⁵³·

148 1080 210 1135 'sieo
237 1097 320 1137 utrum
334 1097 410 1139 ⁴esee
434 1085 586 1141 naturalem
616 1085 807 1155 veneruntne,
832 1088 955 1158 quamuis
1006 1078 1107 1150 pientia
1120 1080 1270 1137 divinitatis
1291 1080 1446 1137 intellectus
1459 1090 1516 1148 est,
1541 1096 1595 1151 quo
1619 1081 1767 1139 differimus
1791 1099 1809 1138 a

149 1182 247 1242 gentes
260 1184 291 1229 et
305 1174 388 1232 urbes
402 1190 466 1233 suos
479 1176 599 1234 habeant
613 1179 767 1250 populares.
787 1179 888 1236 Eadem
900 1180 956 1237 [ere
1005 1171 1122 1228 belluis:
1143 1172 1170 1227 iu
1184 1171 1296 1228 homine
1318 1174 1377 1229 solo
1392 1172 1505 1246 repetiti
1525 1173 1674 1243 justiliam,
1688 1187 1740 1242 qua
1755 1174 1809 1229 nisi

150 1272 179 1318 et
191 1264 355 1321 Aristoteles
378 1279 441 1322 curu
455 1267 512 1324 suis
532 1269 731 1340 peripateticis,
756 1278 783 1326 et
797 1269 871 1326 Zeno
893 1285 956 1326 eum
1006 1265 1168 1336 cupiditates
1180 1274 1288 1322 uestras
1302 1266 1389 1333 Deus,
1401 1267 1445 1337 qui
1460 1266 1516 1322 ialli
1532 1282 1585 1322 non
1608 1276 1712 1337 potest,
1728 1282 1808 1322 cocr-

149 1357 209 1414 suis
224 1359 328 1415 stoicis.
344 1359 468 1430 terrum
481 1371 525 1418 est
539 1362 611 1418 enim
627 1363 795 1435 singulorum
805 1364 956 1420 sententias
1006 1357 1112 1423 cuerit.
1133 1357 1265 1414 scelerate
1286 1357 1421 1429 impieque
1444 1358 1574 1414 vivemus.
1592 1358 1716 1430 Spectari
1738 1371 1807 1429 erqo

149 1449 276 1518 exequi,
299 1450 346 1520 qui
367 1450 430 1508 lieet
443 1451 559 1509 dirersis
573 1454 727 1509 nominihus
748 1455 803 1511 sint
814 1456 907 1522 ahusi,
921 1454 957 1511 ad
1006 1461 1084 1507 actus
1097 1459 1207 1507 nostros
1225 1465 1240 1505 a
1263 1450 1335 1519 ileo,
1350 1465 1404 1507 non
1426 1452 1508 1508 modo
1526 1457 1560 1508 ad
1576 1453 1718 1509 utilitatem
1731 1465 1809 1509 oom-

150 1554 236 1595 nnarn
250 1549 341 1598 tannen
354 1551 526 1613 potestatem,
542 1560 602 1616 qua
613 1546 742 1602 munuum
757 1556 865 1620 regeret
874 1589 881 1614 ,
891 1563 956 1604 eurr.
1007 1540 1098 1596 munis
1110 1541 1173 1596 rite
1186 1540 1299 1607 attinet,
1315 1541 1456 1598 sedetiam
1469 1543 1503 1598 ad
1516 1543 1676 1609 veritatem
1692 1544 1753 1616 quia
1765 1558 1809 1599 re-

151 1643 308 1688 currerunt.
323 1632 377 1690 sen
401 1643 491 1692 tarnen
505 1651 640 1692 summurn
655 1638 758 1706 neum,
773 1653 835 1694 eum
855 1648 883 1703 qt
895 1641 956 1710 put.
1007 1631 1107 1704 ligione
1117 1631 1277 1704 justitiaque
1289 1631 1428 1701 detracta,
1443 1634 1485 1691 vel
1501 1634 1534 1690 ad
1558 1635 1699 1692 stultitiam
1723 1650 1809 1707 peen-

147 1723 279 1794 losephi,
292 1733 320 1781 ct
333 1735 431 1796 poetro,
448 1738 477 1783 ει
496 1728 547 1798 ipsi
569 1728 686 1800 denique
700 1730 745 1802 qui
766 1732 831 1786 deos
843 1732 955 1800 colunt,
1007 1725 1072 1781 durn
1091 1727 1190 1781 amissa
1213 1727 1319 1782 ratione
1341 1726 1519 1795 devolvimur,
1542 1728 1584 1783 tel
1600 1729 1634 1784 ad
1657 1729 1807 1785 bestiarum

148 1828 230 1882 stoue
251 1814 405 1883 fateantur3
428 1818 463 1874 de
484 1821 559 1875 cultu
575 1829 663 1876 tamen
685 1830 712 1877 et
735 1822 882 1878 honoribus
896 1823 955 1892 ejus
969 1839 995 1903 B
1009 1818 1223 1873 immluiffllemt
1248 1817 1302 1873 imo
1316 1834 1381 1874 lero
1402 1819 1535 1890 ampliu&
1560 1819 1695 1891 Siquidem
1711 1820 1808 1877 besil&

149 1920 237 1961 nemo
251 1923 370 1979 unquam
384 1910 526 1981 requisivit
556 1926 637 1968 nemo
652 1913 796 1980 disseruit;
810 1928 841 1969 ea
853 1915 957 1972 scilicet
988 1912 1053 1968 ·sui
1074 1911 1184 1981 qeneris
1198 1909 1361 1967 animalibus
1384 1921 1508 1982 parcunt.
1532 1911 1601 1980 Quid
1622 1911 1674 1968 erit
1697 1910 1809 1969 homine

147 1999 346 2067 persuasione,
361 2015 415 2072 qua
426 2015 536 2073 semper
548 2003 699 2060 benedeuin
714 2005 956 2078 incorruptumque
1009 2004 1204 2072 truculentius,
1219 2005 1284 2076 quid
1300 2005 1450 2072 immitius,
1465 2007 1488 2061 sl
1511 2004 1622 2076 dempto
1636 2014 1711 2062 metu
1723 2020 1807 2077 supe·

147 2088 314 2156 credentes,
332 2106 384 2148 neo
405 2094 485 2149 irasci
500 2108 562 2150 eum
575 2094 719 2166 cuiquam,
734 2112 784 2153 neo
806 2098 861 2155 ullo
881 2100 956 2156 cultu
1007 2096 1097 2163 riore,
1111 2097 1164 2152 rim
1181 2099 1269 2169 legum
1292 2106 1339 2152 aut
1361 2096 1454 2154 fallere
1476 2098 1612 2169 potuerit,
1628 2107 1674 2154 aut
1687 2105 1809 2154 coutem-

144 2179 277 2252 indiqere
288 2183 465 2239 arbitrantur.
485 2184 561 2242 hdeo
576 2186 672 2259 religio
693 2202 755 2245 esse
775 2204 828 2246 nou
845 2199 953 2262 potest,
1007 2191 1091 2247 nerei
1103 2189 1196 2247 Timor
1208 2191 1289 2263 igitur
1302 2191 1349 2247 Dei
1370 2191 1445 2247 solus
1460 2199 1516 2257 est,
1530 2192 1577 2263 qui
1589 2191 1708 2248 eustodit
1721 2190 1809 2247 homi-

147 2271 196 2328 uhi
212 2281 305 2331 metus
315 2276 407 2333 nullus
419 2286 470 2333 est.
1007 2297 1072 2338 num
1092 2283 1163 2338 lnter
1177 2296 1208 2338 se
1226 2282 1403 2350 societatem,
1420 2297 1469 2354 per
1481 2297 1563 2355 quem
1575 2282 1631 2340 sita
1646 2283 1704 2354 ipsa
1726 2282 1810 2340 susti·

818 2372 1000 2433 teutonus
1017 2372 1135 2430 NOTAE.
1316 2448 1320 2455 Ι

186 2479 222 2536 Et
236 2481 316 2538 Pisto
336 2483 363 2537 in
376 2482 473 2555 Loquor
487 2484 576 2550 libris,
592 2493 645 2541 etc.
670 2486 699 2541 ln
723 2488 838 2560 septimo
850 2488 885 2545 de
900 2491 953 2547 Le·
1005 2491 1130 2555 excusis,
1142 2500 1356 2546 estcoucurrunt.

146 2552 230 2635 pilius
254 2555 295 2608 sic
319 2554 453 2624 legimus,
466 2555 518 2617 sub
538 2571 652 2622 persona
677 2557 789 2627 hospitis
804 2561 952 2617 athenien·
1041 2560 1240 2632 Detestoiiiiqne
1252 2562 1404 2629 prudentie.
1427 2562 1544 2619 liniebat
1562 2563 1693 2619 Franoius
1715 2561 1807 2635 legere

147 2640 207 2678 sss:
222 2626 271 2680 ria
283 2627 401 2699 piperno
414 2627 489 2692 θεὸν,
506 2631 548 2682 καὶ
569 2625 624 2683 ὅλον
639 2628 681 2683 τὸν
695 2630 788 2702 κόσμον
800 2634 880 2703 φαμὲν
893 2631 952 2689 οὔτε
1005 2633 1182 2703 impudentiae.
1196 2632 1232 2687 ht
1243 2631 1384 2702 legendum
1398 2646 1459 2689 cum
1473 2649 1538 2689 mss.
1554 2633 1713 2705 uerso-eur.
1733 2636 1807 2690 aliis·

147 2700 240 2760 ζητεῖν
251 2696 317 2761 δεῖν,
332 2695 390 2754 οὔτε
398 2698 624 2782 meienpepptmtia
635 2701 683 2760 τὰς
694 2702 776 2762 αἰτίας
786 2703 951 2776 ipsosmet-oar.
1009 2718 1063 2774 que
1075 2702 1182 2767 decem,
1194 2713 1221 2758 et
1233 2703 1251 2757 2
1265 2711 1319 2758 tet.
1333 2702 1396 2759 edd.
1410 2703 1488 2759 Rom.
1502 2719 1534 2759 tte
1547 2703 1632 2760 uetat.
1718 2705 1804 2774 eolice,

147 2767 362 2837 Suntquedaor
382 2768 482 2825 stmrlta
496 2778 578 2825 ettam
598 2771 626 2826 in
646 2786 682 2839 x,
697 2772 746 2827 sed
771 2773 825 2828 hue
837 2787 891 2829 non
907 2790 952 2831 re·
1005 2773 1033 2828 id
1046 2784 1088 2830 est
1101 2774 1241 2845 sapientiae
1263 2773 1304 2829 vel
1323 2775 1445 2831 scientiar
1468 2774 1609 2847 gemilium
1628 2790 1645 2847 p
1666 2774 1804 2847 ilosopho·

146 2836 277 2895 terenda.
1006 2860 1083 2909 rum,
1101 2853 1131 2900 ut
1146 2846 1262 2900 sumimr
1275 2845 1326 2899 hac
1339 2847 1529 2915 notioneapud
1544 2844 1633 2902 Cicer.

187 2906 356 2982 Pptnoqorot
367 2926 484 2982 quoque,
498 2919 551 2967 etc.
569 2910 663 2967 Simile
675 2913 802 2984 quiddam
824 2924 867 2971 εει
882 2915 952 2986 apud
1044 2914 1112 2987 Quia
1123 2916 1250 2985 melantia
1262 2915 1402 2972 divinitatis
1414 2918 1614 2972 intellectorem.
1631 2917 1737 2989 Sequor
1751 2916 1806 2974 lee-

145 2981 210 3036 Cie.
234 2981 263 3036 in
277 2983 364 3051 primo
382 2981 418 3037 de
432 2980 533 3039 Natura
548 2983 678 3049 deorum:
696 3000 792 3056 nempe
815 2985 953 3058 Pythago·
1005 2985 1108 3042 tionem
1121 2988 1371 3058 antiquissimorum
1386 2997 1414 3043 et
1428 2996 1484 3057 opt.
1498 2989 1622 3044 codicum
1638 3003 1705 3046 mss.
1719 2988 1737 3043 2
1752 2988 1804 3045 Bo-

146 3066 211 3106 ram
223 3053 381 3116 censuisse,
398 3052 480 3108 ῠειιιιι
493 3068 554 3110 εεεε
569 3052 690 3110 animum
706 3071 754 3126 per
773 3065 896 3112 naturam
911 3073 955 3113 re·
1006 3071 1083 3124 non,
1100 3058 1264 3122 walliers,
1279 3057 1370 3115 Balrrz.
1385 3069 1413 3113 ει
1426 3059 1470 3114 ed.
1490 3059 1607 3114 Plautio.
1628 3059 1807 3128 probatam-a

145 3136 213 3178 rum
226 3136 337 3181 omnem
351 3124 484 3179 intentum
498 3133 527 3180 et
539 3134 755 3194 commeantem,
771 3142 804 3183 er
820 3142 874 3198 quo
888 3143 953 3183 uos·
967 3111 991 3176 C
1005 3125 1153 3184 Thomasio
1168 3131 1194 3185 in
1217 3129 1288 3183 notis
1307 3129 1382 3196 suis,
1396 3129 1432 3184 ls.
1448 3128 1545 3199 Spark.
1562 3128 1660 3185 Ceteri
1683 3128 1805 3186 multifa-

145 3194 185 3246 tri
213 3193 296 3249 animi
318 3205 504 3263 carperentur.
518 3196 585 3263 tluae
601 3205 690 3252 tamen
713 3212 728 3252 a
752 3198 855 3254 Velleio
868 3200 951 3256 etiam
1005 3200 1073 3254 riam
1089 3199 1181 3271 legunt
1195 3218 1202 3255 r
1216 3200 1261 3255 alii
1276 3200 1337 3253 dunt
1346 3217 1357 3265 ;
1370 3200 1516 3256 alteri'cum
1530 3201 1672 3256 diuinitatis
1686 3201 1803 3256 intellec-

145 3263 290 3334 Epieureo
304 3265 556 3335 reprelienduntur3
570 3281 658 3337 neque
671 3269 817 3324 immerito.
830 3269 953 3326 Crassior
1004 3280 1045 3324 tus
1049 3309 1116 3326 ......
1131 3271 1285 3342 reperiatur,
1296 3273 1445 3342 justitiane
1460 3271 1505 3327 aiii
1512 3272 1617 3342 justitio
1633 3287 1642 3326 .·
1656 3272 1725 3326 hano
1741 3286 1804 3341 pos-

145 3345 194 3390 est
209 3335 256 3389 illa
267 3377 275 3402 ,
288 3351 350 3405 quse
362 3334 460 3407 legitur
477 3338 547 3408 apud
562 3337 760 3408 Epiphaniam,
782 3348 810 3396 ει
824 3340 904 3409 plane
918 3342 953 3397 ah
1005 3351 1118 3396 tremam
1133 3356 1227 3397 rocem
1241 3342 1332 3411 plures
1346 3352 1524 3414 respuunt-
1537 3343 1605 3410 Quia
1626 3342 1752 3414 rapientia
1767 3351 1805 3398 εει

146 3405 205 3460 hac
217 3414 311 3462 nostra
321 3406 494 3476 discrepans,
510 3408 556 3465 uhi
569 3410 700 3480 Epicruus
713 3411 795 3467 [lenm
807 3426 861 3467 non
874 3427 952 3468 men·
1004 3411 1144 3467 diuinitatis
1166 3412 1323 3474 intellectus,
1353 3424 1406 3469 etc.
1439 3412 1554 3470 Secutus
1576 3427 1636 3469 sum
1660 3414 1804 3470 lectionem

146 3486 224 3543 tem,
239 3477 288 3531 sed
303 3491 401 3547 eorpus
415 3476 489 3533 iacit.
506 3478 559 3535 Sed
574 3497 608 3537 ει
620 3478 732 3537 Platone
754 3482 780 3536 iu
801 3499 827 3537 t.
849 3482 883 3538 de
897 3483 952 3539 Le·
1004 3497 1072 3538 mss.
1085 3484 1260 3552 optimorum,
1275 3493 1302 3538 et
1316 3483 1494 3539 Plautinianae
1507 3484 1658 3554 probatam,
1672 3492 1701 3538 ct
1713 3484 1804 3554 expli-

145 3546 208 3617 gih.
220 3549 303 3603 Astra
317 3563 370 3604 non
384 3548 497 3605 deorum
512 3564 625 3619 corpora
639 3551 702 3607 lacit
717 3551 787 3609 idem
798 3552 951 3624 epicuree
1003 3563 1090 3608 catam
1105 3569 1120 3607 a
1141 3553 1286 3609 Thomasio
1309 3554 1335 3607 in
1359 3556 1414 3609 suis
1430 3554 1510 3610 notis.
1526 3554 1659 3608 antonius
1672 3554 1803 3624 tagose-

147 3618 204 3673 sed
224 3616 292 3674 deos
313 3619 405 3689 ipsos:
422 3616 520 3676 idtrum
545 3621 666 3679 Platonis
679 3622 770 3679 adeas.
794 3623 952 3680 flanedeii-
1003 3639 1116 3694 uuspro
1130 3639 1164 3680 eo
1197 3623 1249 3678 uod
1265 3624 1371 3694 legitur,
1387 3624 1421 3680 ln
1444 3625 1545 3679 dontius
1557 3624 1612 3678 solo
1624 3626 1732 3695 reperiri
1740 3626 1802 3695 jur·

148 3688 304 3757 tuitionem,
320 3705 380 3761 que
394 3690 440 3746 hie
451 3690 560 3760 citatur,
576 3690 751 3764 produximus
770 3709 851 3765 supra
866 3695 912 3750 lilr.
925 3711 948 3761 r,
1003 3695 1101 3759 titiam,
1117 3696 1187 3750 male
1207 3703 1251 3761 at,
1268 3692 1301 3748 ln
1313 3694 1415 3749 lromine
1427 3696 1482 3750 solo
1495 3695 1621 3764 reperitur
1628 3694 1741 3766 justitia.
1753 3694 1803 3748 lm·

148 3774 216 3831 cap.
238 3761 274 3827 S,
291 3764 362 3817 sleut
382 3761 465 3818 etiam
477 3761 646 3823 Antisthenis
657 3764 767 3837 iamiam
780 3770 949 3836 sequentem:
1002 3767 1089 3890 pressi
1101 3766 1161 3821 libri
1173 3765 1230 3820 iere
1244 3779 1339 3820 ornares
1353 3766 1472 3831 hahent,
1488 3765 1553 3820 Cam
1567 3765 1708 3820 divinitatis
1721 3766 1800 3820 imel-

369 3871 371 3874 <
775 3837 879 3891 Beros..
1012 3846 1100 3903 ecee,
1113 3853 1163 3908 quo
1177 3834 1320 3905 differimur
1333 3854 1350 3890 o
1365 3838 1473 3902 tettae,
1491 3838 1520 3892 iu
1537 3836 1640 3892 domino
1658 3838 1713 3892 solo
1725 3853 1802 3906 repe-

187 3903 394 3975 !ncorportleat.
410 3902 523 3977 Pythaq.
539 3904 610 3976 apud
626 3905 684 3962 Cio.
698 3907 747 3965 lih.
763 3924 772 3964 r
794 3905 829 3963 de
851 3907 950 3963 Natura
1001 3906 1096 3974 riatur,
1109 3924 1160 3979 quo
1173 3909 1222 3963 uiri
1234 3908 1406 3977 conditores,
1418 3919 1471 3965 etc.
1487 3922 1567 3980 quam
1579 3907 1722 3963 lectionem
1736 3922 1797 3962 nm·

148 3974 277 4033 deontm.
1002 3977 1078 4032 tilam
1091 3993 1161 4046 esse,
1172 3994 1222 4035 nec
1231 3978 1301 4034 bene
1313 3993 1373 4035 cum
1386 3979 1571 4049 superioribus
1580 3978 1730 4045 coherere,
1740 3993 1801 4034 om-

187 4045 294 4114 Diliruo
314 4056 339 4100 et
357 4046 463 4102 intento.
488 4046 565 4103 Lact.
581 4047 615 4103 de
628 4049 700 4118 Opis.
723 4063 747 4104 e.
768 4049 802 4103 ld
826 4067 833 4101 ι
856 4046 951 4103 Divino
1002 4062 1068 4111 nes,
1083 4057 1113 4104 ut
1126 4060 1210 4119 puto,
1228 4050 1387 4118 intelligunt.
1404 4051 1470 4106 Burs.

150 4133 224 4173 nere
243 4117 294 4173 uer·
308 4133 354 4187 per
374 4118 505 4174 uniuersos
524 4119 613 4174 arnadi
628 4130 715 4189 portes
732 4121 829 4175 intento
847 4120 950 4174 discur-
1040 4119 1155 4192 deperiri
1161 4119 1301 4191 justitiam.
1316 4122 1351 4174 lta
1371 4136 1435 4178 mss.
1449 4122 1468 4174 Ξ
1482 4121 1598 4188 Βοιιοιι.,
1614 4118 1733 4185 scote..
1749 4119 1801 4175 Ba·

149 4190 261 4245 rit......
271 4187 481 4261 aliquantillum.
494 4190 626 4245 hlinucius
639 4189 697 4246 Fel.
711 4204 772 4259 eap.
786 4191 820 4247 19
831 4209 838 4244 :
850 4189 951 4262 Pqtlro-
1002 4188 1056 4245 luz.
1072 4190 1099 4246 ln
1112 4191 1172 4246 aliis
1182 4200 1224 4247 est
1233 4193 1384 4260 reperietur.

148 4275 224 4332 porc
237 4258 308 4314 Deus
322 4268 360 4314 est
380 4261 482 4315 artimus
502 4276 547 4326 per
566 4262 712 4315 uniuersum
722 4277 808 4315 rerem
831 4272 950 4316 naturum
1040 4261 1098 4328 Quo
1116 4262 1165 4316 uisi
1181 4263 1343 4331 cupiditates.
1359 4263 1404 4319 Sie
1418 4261 1479 4330 lego
1494 4276 1554 4315 cum
1574 4276 1639 4316 mss.
1655 4260 1799 4331 illem

148 4341 332 4387 commeasset
345 4331 469 4397 intentur,
484 4347 574 4402 esque
584 4332 661 4386 etium
673 4333 824 4387 animalium
836 4333 950 4387 omniunt
1000 4331 1133 4396 Colhert.,
1148 4332 1261 4394 Christ..
1284 4333 1409 4395 liemon„
1424 4331 1510 4397 hius,
1526 4330 1608 4396 Uitr,
1623 4332 1697 4395 Em,
1712 4330 1798 4386 Brun.

148 4403 208 4455 sito
219 4403 346 4470 copiatm.
363 4401 471 4458 Confer.
492 4403 567 4458 Lact.
584 4402 629 4456 lib.
646 4417 670 4469 t,
686 4403 778 4472 caph
800 4420 808 4459 ε
825 4404 947 4472 Quamuis
1001 4411 1028 4457 et
1043 4402 1085 4456 ed.
1103 4402 1226 4467 Fasitcl„
1241 4403 1322 4457 Basil.
1339 4402 1411 4459 1532
1423 4442 1431 4466 ,
1444 4401 1539 4471 Eqnat.
1555 4401 1612 4465 hl,
1628 4403 1699 4471 quia.

149 4472 212 4542 ipsc
225 4484 361 4541 pertatem
372 4490 400 4528 se
414 4489 505 4544 corpttt
516 4474 668 4531 intenderat.
683 4474 748 4530 uun.
960 4492 991 4553 D
1039 4470 1172 4544 lrnpieque
1196 4475 1316 4528 uitentur.
1339 4471 1376 4526 lta
1393 4487 1487 4527 omues
1509 4486 1576 4527 mss.
1600 4480 1628 4527 et
1651 4482 1706 4527 vet.
1731 4470 1798 4527 cdd.

193 4543 354 4600 deditiones
365 4546 486 4599 antemio
497 4545 612 4616 physico.
626 4544 739 4615 llespiee
749 4544 781 4599 ad
793 4545 839 4601 lih.
852 4544 948 4600 alosti·
1001 4542 1081 4599 Rom.
1096 4560 1150 4599 nou
1170 4554 1200 4599 ut
1219 4544 1246 4598 iu
1262 4544 1342 4600 editis
1357 4545 1507 4599 tineamus.
1521 4542 1589 4599 Nam
1604 4543 1709 4600 dixerut
1723 4558 1798 4597 ostr-

151 4623 219 4680 tut,
232 4630 292 4686 cap.
307 4615 333 4671 6.
352 4616 491 4672 Ciceronis
506 4616 586 4671 verita
609 4625 672 4675 sunt
685 4615 719 4671 de
739 4616 838 4672 Natura
858 4617 945 4682 deor,
1000 4615 1090 4670 cuerit.

151 4686 201 4740 lib.
215 4701 317 4757 r,etp.
329 4687 364 4743 15
378 4704 386 4743 :
399 4686 560 4743 Aristaeno
578 4687 605 4741 in
618 4702 646 4740 eo
661 4687 743 4753 diro,
764 4688 808 4758 qai
822 4685 949 4759 Phyrites
1036 4684 1125 4742 dctus.
1141 4686 1194 4742 Pro
1209 4688 1308 4743 actione
1320 4686 1401 4743 etiam
1415 4684 1483 4742 inira
1496 4701 1557 4758 cap.
1574 4687 1618 4755 li,
1631 4685 1794 4757 riapnlornm

149 4756 314 4825 inscribitur,
337 4760 474 4830 populares
495 4757 555 4812 deor
575 4758 685 4823 multos,
708 4758 852 4813 naturalem
871 4774 949 4813 unum
1000 4768 1073 4812 octus
1087 4759 1274 4813 onintuduertit.

150 4843 209 4882 esse
222 4829 324 4895 diceus,
339 4830 410 4884 tollit
423 4826 481 4883 vim'
491 4839 518 4884 et
531 4838 653 4883 naturam
671 4830 795 4886 deorum.
810 4830 894 4885 Ceut.
1037 4829 1171 4902 ilelipioue
1182 4830 1334 4901 iustitioque
1348 4829 1473 4883 detrecto.
1490 4827 1554 4883 llaec
1569 4827 1669 4882 locutio
1682 4810 1799 4881 [actan-

191 4897 315 4969 qusico.
331 4900 410 4955 Liber
423 4899 471 4954 luit
483 4899 662 4955 Antisthenis.
1002 4901 1030 4955 tii
1044 4909 1104 4965 est,
1117 4901 1243 4970 illamque
1257 4903 1283 4954 iu
1298 4900 1356 4970 ejus
1375 4899 1482 4969 scriptis
1495 4898 1535 4954 [ιε
1556 4908 1651 4953 uenter
1664 4898 1796 4969 reperies.

192 4969 263 5026 Stes
274 4970 385 5026 habeant
398 4972 544 5040 populares.
559 4969 622 5024 diss.
637 4970 654 5026 9
665 4970 765 5026 addunt
779 4972 848 5026 deos.
1002 4971 1030 5026 lu
1043 4972 1061 5025 h
1074 4987 1140 5027 mss.
1155 4974 1257 5025 Bonon.
1269 4981 1297 5027 et
1310 4972 1326 5025 5
1339 4970 1399 5025 aliis
1412 4985 1467 5025 rec.
1481 4979 1523 5024 est
1535 4914 1665 5026 insutu.

190 5040 292 5095 Eadem
302 5044 357 5114 [ere
369 5052 393 5097 ει
406 5041 553 5096 Aristoteles
564 5082 570 5108 ,
583 5051 636 5097 etc.
653 5042 735 5098 Lihro
751 5043 848 5111 primo,
864 5044 950 5113 capite
1039 5041 1213 5097 Druoluimttr.
1227 5041 1268 5096 Ex
1280 5042 1404 5096 omnihus
1420 5056 1485 5094 mss.
1502 5049 1529 5095 et
1541 5040 1654 5110 vulgatis
1666 5039 1748 5094 editis
1759 5040 1795 5095 ita

152 5112 183 5168 5.
198 5112 355 5168 melantius
368 5123 411 5169 est
427 5112 583 5179 conusens,
600 5113 773 5170 Aristotelem
785 5127 876 5168 secum
892 5115 948 5169 dis·
1001 5115 1122 5178 restitui,
1138 5114 1209 5184 quod
1224 5111 1332 5167 latinius
1346 5120 1374 5166 et
1387 5110 1529 5168 rotundius
1542 5122 1600 5176 est,
1621 5125 1702 5182 quam
1718 5112 1800 5166 rolri-

152 5182 266 5249 sidere;
281 5185 308 5238 in
320 5199 425 5239 summa
436 5193 537 5248 tamen,
551 5183 667 5239 Mentem
677 5199 738 5240 esse
750 5185 842 5239 muudi
856 5186 947 5256 presi·
1001 5201 1070 5248 atur,
1086 5194 1115 5239 ut
1127 5185 1153 5238 iu
1166 5183 1289 5253 pluribus
1300 5183 1389 5238 editis.

152 5254 229 5311 dem.
247 5254 286 5310 he
299 5255 343 5310 illa
360 5257 417 5325 ipsa
428 5270 492 5310 uero
506 5254 673 5311 dissensione
686 5256 745 5327 lege
757 5256 813 5311 Cio.
825 5257 851 5310 in
863 5255 950 5325 primo
1039 5255 1147 5327 Dentpto
1161 5264 1229 5309 ntem
1248 5254 1281 5309 de
1294 5255 1434 5324 superiore.
1450 5252 1495 5309 Sic
1514 5252 1613 5323 legitur
1626 5251 1696 5323 apud
1712 5252 1799 5307 Burre-

151 5324 188 5381 de
198 5323 300 5382 Natura
307 5325 429 5383 deorum.
439 5326 767 5382 Beroe-Dedristmel.
782 5335 810 5382 et
826 5326 949 5395 Zenone,
1002 5341 1075 5381 man.
1090 5325 1136 5396 qui
1151 5335 1241 5380 notam
1256 5335 1411 5394 sequentem
1425 5323 1592 5380 exhibet:-
1602 5322 1713 5395 Dempto
1730 5334 1799 5377 arrtu

152 5397 219 5453 ride
229 5394 354 5452 ciceron.
366 5396 413 5455 hh.
427 5414 435 5452 t
448 5396 482 5453 de
495 5397 554 5453 Nat.
569 5397 645 5454 deor.
1002 5399 1034 5452 de
1053 5396 1192 5466 reponere.
1219 5395 1342 5466 Plerique
1364 5396 1457 5465 scripti
1478 5411 1485 5448 ε
1507 5395 1571 5450 editi
1595 5409 1668 5450 sero·
1682 5412 1797 5460 omnes,

191 5468 226 5522 Et
248 5467 336 5538 Zeno,
352 5478 405 5525 etc.
421 5468 489 5524 Vide
505 5467 615 5525 omnino
627 5468 796 5525 Lactantium
819 5469 907 5540 ipsum
921 5478 949 5525 ει
1001 5478 1070 5523 metu
1090 5469 1231 5540 superiore.
1255 5466 1292 5522 lta
1315 5464 1465 5538 Cyprianus
1484 5467 1563 5533 epist.
1578 5465 1613 5519 ad
1632 5466 1764 5521 Donatum
1789 5483 1795 5518 :

152 5536 314 5596 Ciceronem
330 5541 397 5596 locis
412 5539 467 5610 jam
489 5541 588 5611 sepius
607 5541 709 5607 citatis,
729 5540 775 5597 uhi
790 5541 865 5608 hee,
890 5556 950 5612 quar
1001 5540 1088 5595 nullos
1101 5540 1132 5592 de
1145 5540 1242 5611 lepidas
1258 5548 1345 5593 rneurs
1359 5548 1416 5600 est;
1438 5537 1470 5591 de
1488 5538 1640 5607 quesitam,
1656 5535 1690 5593 de
1708 5537 1798 5608 judice

151 5608 200 5665 mc
213 5612 241 5665 iu
252 5610 344 5669 medio
357 5626 488 5682 suspensa
501 5612 698 5684 relinquuntur,
716 5613 889 5668 excutiuntur
902 5613 951 5667 di·
1002 5626 1086 5682 pavor
1101 5611 1199 5667 nullus.
1216 5609 1299 5667 Silius
1309 5607 1407 5676 halus,
1424 5608 1456 5663 tt
1467 5649 1475 5675 ,
1487 5606 1559 5665 set:

149 5680 288 5753 ligentius.
1250 5689 1336 5741 Serus
1345 5701 1433 5752 magno
1443 5688 1475 5739 de
1483 5688 1580 5738 nomine
1592 5694 1679 5755 terror.

160 5764 163 5769 ’
188 5753 391 5810 concurrerent.
411 5754 457 5809 Sic
468 5753 573 5809 restitui
596 5769 630 5809 cx
650 5754 741 5809 multis
756 5754 837 5811 editis
850 5762 877 5810 et
891 5768 950 5809 om·
1650 5817 1655 5827 ,
1675 5746 1739 5801 Βϋιι·

148 5823 231 5881 uiuus
245 5841 311 5881 mss.
334 5836 432 5895 rumor
456 5826 467 5880 1
491 5825 567 5882 Culh.
592 5840 647 5884 reo.
662 5827 690 5883 in
703 5841 771 5898 quo,
794 5836 823 5885 ιιι
846 5834 874 5885 ει
891 5823 948 5884 ini
1041 5822 1094 5880 Per
1106 5839 1190 5894 quem.
1205 5822 1305 5892 Laud„
1321 5822 1401 5893 ileu,
1418 5821 1491 5892 Lips.
1515 5820 1546 5887 2,
1568 5828 1595 5876 et
1607 5817 1735 5889 limmat,
1758 5833 1803 5891 per
