4142 6184
182 287 225 349 iii

535 291 640 351 NOTAE
661 291 695 348 ΙΝ
715 292 779 350 Liii.
802 292 846 349 DE
864 291 1039 350 honitatis
1058 290 1253 350 PERSECUT.
1272 292 1350 349 cuc.
1372 294 1443 350 ιιι.

1773 293 1826 350 ιιι

210 405 439 463 Summuntorium
451 408 592 490 superma
605 410 677 480 quid,
689 417 743 464 alc.
756 409 899 480 Distingnit
909 407 967 465 edi·
979 411 1008 475 Α
1018 407 1181 465 Vossius-
1195 408 1329 465 Sciscitari
1340 420 1407 466 usta
1421 407 1577 480 conjectura
1601 408 1651 464 riri
1673 408 1823 466 doctissimi

180 478 212 533 lio
223 477 374 539 tibarensis.
389 477 498 535 Surrtrnu
516 497 629 535 orrrnnurr
642 480 792 552 expectatio,
813 481 875 551 quid
888 478 967 547 alier-

179 557 228 615 ret,·
241 560 335 619 quaet
353 560 429 620 pacto
446 552 653 622 interpungubat
666 555 733 608 clar.
748 552 858 608 Galeas.

209 640 360 697 Pronuntiat
374 641 496 698 Serernm
509 653 532 697 et
546 643 733 698 Maximianum
748 643 870 700 Caesares.
884 644 965 701 Scre-

180 727 220 769 ras
238 724 266 769 ct
288 713 449 769 Maximinus
473 730 544 769 anuo
570 730 637 770 cccv
660 713 782 771 dusares
819 716 965 786 nurrcupati

179 794 248 852 sant,
263 799 318 839 nou
334 800 400 840 uera
413 800 485 840 arturo
498 788 617 840 currenti
641 785 729 856 (aba),
742 797 771 841 ιιι
790 802 823 842 err
844 788 890 854 ris,
905 803 966 859 qnae

178 869 240 911 runa
263 855 326 918 ibi.
348 857 480 924 diximus,
505 866 608 912 cortnm
634 858 765 913 reddimur.
781 858 915 914 Proteum
933 874 964 914 ea

177 925 340 983 creationum
365 927 390 982 iu
407 927 499 992 italia,
519 938 548 981 ιιι
563 943 704 998 perperam
730 928 868 998 Socrates,
884 946 963 1001 quent

177 997 300 1053 ιιιιοιιιιιι
320 999 453 1069 sequitur,
473 998 521 1054 sed
544 999 703 1055 Nicarnetlioe
717 1002 802 1065 laeta,
820 1010 849 1054 ιιι
865 1002 964 1056 ibidem

177 1083 204 1123 er
215 1068 354 1125 Lactantio
368 1069 413 1125 hb.
428 1070 462 1124 de
476 1069 606 1125 Mortibus
621 1071 829 1127 Persecutorum
845 1073 962 1127 ostendi.

176 1137 227 1195 lina
253 1141 342 1211 itaque
366 1140 514 1211 eademque
543 1142 603 1206 dio,
628 1144 731 1197 scilicet
752 1142 869 1196 kertrudis
890 1144 964 1198 uraiis

176 1212 230 1265 rani
250 1210 304 1267 aba
324 1211 499 1266 Diocletianus
526 1221 549 1267 ct
570 1210 709 1268 Herculius
740 1214 914 1280 abdicarunt,
937 1225 965 1270 et

177 1279 287 1336 Celerius
311 1298 343 1339 ac
367 1281 530 1338 Constantius
554 1281 684 1354 Augusti,
709 1284 819 1340 Seuerus
841 1299 905 1340 vcro
932 1302 965 1342 ac

175 1349 325 1408 lacinanus
338 1353 460 1410 &sares
484 1355 628 1425 appellati,
644 1368 672 1409 nt
686 1372 719 1413 eo
734 1359 761 1410 itt
776 1355 837 1410 ioco
851 1356 964 1411 deruan-

173 1433 292 1479 shatum.
317 1425 450 1481 Errarunt
483 1435 536 1480 tam
564 1426 690 1482 Socrates
716 1436 744 1482 et
763 1425 962 1498 Theophanes,

173 1509 247 1566 qaam
271 1495 427 1567 Eutropius,
442 1497 488 1567 qui
512 1497 646 1563 scribunt,
659 1496 797 1553 Galerium
819 1507 963 1569 utrumque

172 1581 219 1621 aaa
234 1582 355 1635 creasse,
377 1568 428 1623 uisi
454 1576 594 1639 postquam
619 1568 646 1623 in
667 1567 772 1624 italiam
795 1568 959 1625 adventarit

173 1636 247 1693 Errat
268 1646 295 1693 ct
315 1637 421 1694 idacius
445 1640 472 1694 in
494 1638 647 1706 Chronico,
672 1641 736 1694 dunt
764 1640 962 1697 abdicationem

172 1721 237 1763 rano
250 1709 314 1776 abl,
331 1708 454 1765 kalendis
464 1709 558 1781 aprilis
581 1712 677 1765 lacuum
701 1710 781 1777 dicit,
795 1727 855 1779 quse
869 1713 961 1768 omnia

173 1793 204 1834 cr
216 1779 257 1845 iis,
273 1796 333 1852 quae
354 1780 410 1851 jam
435 1780 461 1836 iu
484 1781 601 1836 medium
625 1781 779 1848 attulimus,
795 1792 868 1837 certa
887 1793 959 1841 snat.
977 1795 1002 1857 Β

174 1849 325 1917 iterumad
341 1869 386 1907 an.
401 1850 448 1907 Cir.
464 1852 527 1918 aba,
543 1868 614 1906 nrum.
628 1854 654 1908 l.
665 1850 779 1910 -Adde
791 1854 914 1910 eumdem
928 1854 962 1911 ad

173 1936 212 1976 ra.
237 1921 300 1988 adt,
322 1938 398 1978 nam.
415 1925 473 1978 ιιι
486 1926 511 1989 ι,
536 1924 654 1995 itemque
669 1924 761 1979 Baius.

205 2011 382 2084 Distnpcfiunl
396 2031 482 2069 earnes
495 2015 521 2069 iu
541 2014 673 2070 tribunali.
695 2014 878 2071 Constantinus
890 2028 961 2073 asta·

169 2083 207 2138 iat
219 2101 316 2139 susum.
332 2086 388 2142 biert
404 2089 549 2152 sententia,
565 2088 644 2156 bruge
663 2088 759 2142 archus
772 2104 835 2143 cutu
850 2089 960 2145 Caluum·

167 2153 200 2210 bo
214 2167 293 2226 atque
313 2158 416 2228 anglica
441 2160 565 2213 cessione
590 2167 650 2229 post
673 2175 776 2227 omues,
791 2159 873 2214 simui
894 2176 960 2217 roro

164 2227 304 2282 nobiscnm
318 2239 379 2299 post
401 2229 499 2283 astabat
513 2230 678 2292 distinxeris,
695 2229 721 2285 itt
738 2228 810 2285 huuc
823 2231 933 2286 aradum
950 2250 958 2288 ι

165 2298 342 2369 Distupqiunt
357 2316 454 2355 earnes.
470 2299 503 2354 ln
517 2300 638 2354 tribunali
650 2299 830 2355 Constantinus
849 2302 958 2359 astaiat.

163 2368 213 2425 Sus
217 2409 271 2424 .....
296 2369 374 2425 ilatio
400 2373 497 2442 prioris
524 2372 703 2427 distinctionis
718 2372 802 2427 rideri
823 2389 855 2428 ex
883 2386 959 2443 parte

162 2451 251 2510 potest
272 2443 342 2510 apud
358 2441 494 2506 Οιιιιιιιιιι,
511 2459 545 2497 ex
560 2454 636 2507 parte
652 2456 754 2508 autem,
769 2442 848 2513 lustjus
862 2445 959 2516 capitis

161 2512 237 2566 initio
248 2513 290 2567 bis
306 2513 398 2570 verbis
413 2532 419 2568 :
432 2513 624 2569 Constantinum
638 2531 725 2568 munes
736 2516 899 2569 intuebantur
902 2554 957 2571 .....

161 2582 258 2639 Ιιιιιιι
272 2585 315 2649 arti
333 2584 451 2650 otiermn,
474 2597 496 2638 ct
509 2586 607 2657 priores
625 2588 736 2639 militurn
752 2585 825 2640 eiecti
840 2597 864 2640 et
886 2590 959 2642 acciti

159 2670 192 2709 ec
204 2654 356 2726 legionibus,
371 2657 398 2710 in
412 2656 480 2710 harre
504 2673 584 2710 uuunr
609 2657 697 2710 intenti
720 2656 883 2728 purrdciant,
900 2666 955 2714 etc.

159 2724 323 2782 Posterioris
337 2727 469 2782 rationem
484 2728 607 2800 proxime
622 2727 791 2797 subjicimus.

196 2816 304 2874 Susum.
322 2818 350 2873 iu
374 2819 508 2889 superiori
536 2830 621 2889 parte.
638 2818 736 2876 Susum
759 2829 864 2876 veteres
882 2821 956 2878 dice·

157 2889 234 2952 bant,
244 2904 293 2960 pro
306 2906 419 2944 rursum.
433 2891 502 2946 Edit.
516 2890 567 2946 01.
580 2900 607 2946 et
616 2889 695 2946 Cant.
704 2901 763 2962 post
772 2890 909 2947 lialuzinm
924 2910 957 2950 ex

158 2960 514 3018 Dulresnio.·-Susum.i.tt
529 2961 680 3018 rurruutlid
697 2963 847 3034 probabile.
859 2966 956 3021 Aucus.

156 3061 193 3074 ·-
208 3030 364 3087 Seramisa
380 3031 502 3099 Veteres,
528 3048 576 3104 pru
595 3051 706 3089 sursum.
726 3035 834 3091 Psaros.
844 3065 880 3076 -
892 3035 955 3091 iiilri

155 3104 356 3174 nequemaior
369 3121 468 3171 susum,
481 3120 568 3174 neque
583 3109 680 3159 astabat
693 3123 796 3161 sursunt
811 3107 861 3177 legi
877 3123 957 3177 posse

1018 480 1142 609 imum
1155 482 1281 536 nimirum
1291 482 1311 552 ι.
1328 481 1376 536 iis.
1389 491 1467 541 stare,
1479 490 1506 535 ct
1518 482 1544 535 iu
1558 481 1680 551 margine
1692 483 1821 536 liaritarc.

1040 555 1189 622 cripturam
1213 568 1274 623 quae
1289 554 1315 608 in
1332 554 1453 621 margine
1468 552 1592 618 habetur,
1610 567 1662 606 uon
1685 552 1821 608 damnem.

1017 624 1067 679 Est
1092 624 1164 678 enim
1186 622 1305 679 hesitare
1336 624 1438 678 balistis
1459 622 1591 679 dubitare.
1616 622 1764 679 Cumiuter
1786 639 1822 692 se,

1018 695 1072 751 ιιοο
1093 703 1135 750 est
1160 695 1231 763 apud
1252 710 1293 760 se,
1321 695 1348 751 in
1375 694 1472 749 animis
1495 694 1660 749 dubitarent.
1688 693 1825 749 Sciscitari

1017 767 1100 823 nimis
1124 765 1204 835 lange
1217 781 1232 819 a
1247 765 1368 830 uestigiis
1391 765 1492 821 veteris
1518 765 1619 820 codicis
1636 765 1722 820 abest.
1738 765 1823 821 Gna·

1018 852 1089 893 utus.
1099 866 1136 879 —
1151 836 1296 892 Sciscitari.
1311 836 1422 892 Rectius
1438 837 1518 899 illud,
1535 837 1608 906 qnod
1623 836 1824 892 errrdirissimus

1017 909 1142 964 Boionius
1166 908 1193 963 ia
1218 911 1338 979 margine
1360 908 1460 962 codicis
1485 908 1600 977 reperit,
1626 908 1753 962 haesitare.
1772 906 1821 962 ιιι

1016 983 1088 1035 cuim
1110 978 1154 1034 bic
1168 978 1343 1034 sciscitationi
1365 979 1441 1033 locas
1462 988 1504 1033 est
1524 979 1559 1030 ab
1581 979 1730 1047 principum
1746 993 1823 1033 rene-

1016 1051 1132 1108 rentiam
1155 1050 1292 1105 silerttium
1322 1051 1512 1119 imperantem.
1535 1049 1604 1104 Puto
1629 1060 1719 1103 autem
1744 1050 1823 1104 ortei-

1015 1122 1090 1179 disse
1111 1121 1234 1176 vocnlam
1250 1123 1306 1189 illi,
1321 1131 1350 1176 ut
1374 1121 1454 1176 inerit
1470 1138 1477 1173 :
1492 1119 1619 1174 ilaritate
1643 1121 1684 1175 illi
1701 1120 1769 1174 intra
1782 1137 1819 1175 se.

1016 1194 1143 1249 Tanatus.
1154 1222 1190 1232 -
1205 1192 1242 1245 lie
1254 1193 1435 1249 sciscitatione
1447 1192 1509 1262 quid
1524 1194 1565 1245 sir
1586 1191 1759 1246 doctissimus
1780 1191 1822 1246 dt·

1015 1276 1070 1327 cat,
1083 1264 1174 1330 audio,
1190 1278 1240 1319 rrcc
1252 1271 1345 1319 contra
1360 1262 1445 1317 hisco.
1459 1262 1513 1320 Sed
1527 1262 1549 1317 si
1564 1263 1598 1317 ub
1613 1263 1764 1331 principum
1777 1276 1822 1316 re-

1015 1336 1164 1391 uerentiam
1186 1335 1274 1389 utullus
1291 1344 1350 1390 erat
1374 1334 1449 1390 iocus
1473 1334 1655 1396 sciscitationi,
1668 1341 1727 1387 erat
1746 1342 1822 1388 certe

1014 1406 1199 1462 rurumutiani.
1214 1406 1303 1473 Quare
1313 1406 1416 1476 jamdiu
1440 1420 1474 1461 ert
1486 1404 1592 1459 duabus
1605 1404 1716 1458 uocibus
1733 1419 1821 1458 susum

1015 1487 1085 1532 stare
1097 1477 1296 1533 corrhciendnm
1312 1477 1449 1533 credimus
1468 1491 1615 1530 susurrare.
1633 1473 1705 1528 Tunc
1717 1483 1820 1541 repente

1013 1549 1167 1614 pronuntiat
1182 1547 1306 1604 Seuerum
1324 1556 1348 1601 ct
1364 1546 1537 1601 iiaaiminunr
1551 1546 1674 1600 Caesares.
1693 1543 1822 1616 Obstupe-

1014 1620 1079 1688 ιιοιι
1093 1635 1191 1674 anrrtes.
1206 1617 1239 1673 in
1253 1620 1375 1674 tribunali
1388 1617 1570 1674 Constantinus
1589 1616 1699 1670 astabat.
1722 1614 1819 1671 Susur-

1014 1706 1073 1745 rarc
1086 1691 1199 1757 interse,
1211 1706 1271 1745 nunt
1282 1689 1442 1744 Constantini
1457 1690 1619 1742 incrustatum
1637 1703 1730 1741 nautea
1743 1696 1819 1740 essct.

1014 1761 1098 1828 Quasi
1113 1762 1174 1816 aliis
1188 1761 1278 1816 uerbis
1302 1771 1394 1817 noster
1416 1759 1586 1830 scripsisset,
1602 1758 1762 1815 concionem
1778 1766 1820 1811 to-

1016 1842 1070 1887 tam
1092 1833 1169 1888 miris
1191 1831 1279 1887 modis
1293 1833 1325 1885 ad
1342 1830 1434 1888 Seueri
1450 1842 1476 1886 ct
1492 1830 1631 1885 Maximini
1646 1830 1753 1884 nonriua
1769 1828 1818 1883 ab·

1014 1904 1152 1974 stupuisse
1164 1922 1171 1957 :
1183 1918 1244 1958 cunr
1260 1902 1386 1959 vitielicet
1401 1918 1453 1956 non
1470 1901 1691 1967 Constantinum,
1700 1901 1725 1954 in
1738 1914 1817 1970 quern

1013 1990 1098 2031 nuum
1113 1974 1194 2045 paulo
1205 1983 1267 2029 aute
1279 1975 1375 2029 intenti
1389 1973 1552 2044 gaudebant,
1566 1972 1706 2040 optabant,
1718 1983 1744 2025 et
1756 1979 1817 2025 rota

1012 2044 1157 2111 laciehaut,
1173 2046 1321 2100 renuntiari
1347 2046 1481 2101 Caesarem
1505 2043 1687 2109 audivissent,
1706 2041 1753 2097 sed
1769 2039 1819 2097 Se·

1012 2131 1118 2182 rerum,
1127 2127 1155 2171 et
1166 2116 1256 2172 nescio
1266 2132 1346 2184 quom
1356 2115 1528 2171 Maximinum
1539 2133 1546 2178 ;
1556 2113 1727 2169 continenter
1739 2126 1815 2177 uera,

1012 2202 1046 2243 eo
1061 2189 1121 2259 ipso
1135 2187 1206 2258 qtnul
1223 2188 1370 2248 nemiuem,
1385 2186 1432 2258 qni
1447 2186 1606 2242 biariutinus
1621 2184 1815 2255 appellaretur,

1011 2268 1268 2329 cognosceremur
1291 2259 1496 2316 Constantinum
1516 2257 1549 2311 ad
1565 2258 1723 2311 alterutrum
1746 2255 1815 2308 latus

1010 2328 1114 2386 Galerii
1139 2330 1290 2385 adstantem
1305 2330 1445 2391 riderent,
1463 2328 1490 2383 iu
1505 2327 1688 2394 suspicionem
1707 2326 1817 2380 uenisse

1011 2401 1046 2455 de
1061 2410 1165 2455 tuutato
1180 2399 1270 2455 lursan
1284 2401 1446 2456 Constantini
1460 2399 1569 2453 uomina
1586 2399 1612 2452 iu
1629 2397 1814 2459 idaairniuam,

1010 2471 1146 2542 simulque
1173 2485 1328 2527 susurrasse
1357 2472 1428 2526 inter
1456 2485 1485 2524 sc
1502 2487 1508 2522 :
1528 2468 1621 2523 «Num
1644 2467 1813 2522 Constantini

1011 2556 1110 2596 nomeu
1126 2552 1258 2597 mutatum
1274 2552 1326 2609 est,
1343 2552 1370 2597 st
1384 2542 1430 2596 iiie
1444 2540 1573 2608 deinceps
1588 2538 1752 2593 Maximinus
1766 2553 1814 2590 ro-

1009 2613 1132 2668 mundus?
1147 2633 1157 2666 r
1175 2611 1258 2667 Favet
1280 2612 1387 2683 egregie
1410 2610 1498 2666 versio
1517 2609 1639 2680 Anglica.
1656 2609 1699 2662 rili
1722 2607 1814 2676 peopie

1009 2699 1076 2738 roae
1089 2684 1228 2750 aurarsed,·
1243 2685 1295 2738 aud
1309 2685 1378 2738 since
1387 2679 1555 2739 Constantine
1567 2696 1619 2754 toas
1632 2679 1753 2749 starrdiup
1767 2678 1811 2750 tp,

1009 2769 1080 2809 sante
1099 2754 1181 2826 icpan
1202 2765 1227 2809 to
1240 2753 1285 2810 acis
1303 2755 1414 2810 whether
1433 2756 1465 2808 lte
1479 2754 1531 2807 had
1546 2750 1661 2823 changed
1679 2749 1719 2804 hir
1739 2766 1814 2804 naute

1009 2824 1215 2881 intalinaimia.

1048 2895 1180 2952 Protracit
1192 2915 1208 2952 a
1219 2906 1300 2967 terpo.
1312 2895 1369 2952 Nou
1381 2896 1550 2952 dissimiliter
1561 2893 1664 2958 Liuius,
1675 2892 1744 2947 libra
1753 2905 1811 2959 rrtr,

1008 2966 1044 3023 de
1065 2969 1140 3024 Bello
1166 2969 1285 3023 Patrico:
1301 2966 1372 3022 Nudi
1393 2969 1421 3021 iu
1445 2967 1557 3021 medinm
1584 2962 1809 3035 protrahebantur.

1008 3037 1077 3094 Suut
1087 3040 1158 3095 enim
1172 3040 1282 3110 proprie
1295 3039 1321 3095 in
1334 3040 1393 3095 istis
1408 3038 1539 3107 exemplis
1550 3037 1699 3106 protrahere
1711 3044 1738 3089 et
1752 3051 1813 3105 pra·

1008 3112 1093 3178 nabi,
1108 3120 1260 3166 autu-orsum
1277 3111 1384 3167 trabere
1398 3120 1426 3165 et
1440 3109 1529 3174 trahi3
1546 3110 1608 3163 tircr
1621 3123 1652 3161 cu
1667 3115 1753 3169 uaaat,
1770 3105 1812 3160 in·

156 3177 276 3230 ridetur.
292 3177 424 3242 Quoniam
440 3177 462 3230 si
484 3178 658 3242 alterutrum,
674 3179 818 3247 legeretur,
832 3179 954 3234 adstitis·
969 3182 992 3246 C
1007 3182 1104 3252 quiunt
1118 3182 1239 3252 tqrttrtidle
1254 3192 1398 3237 nostrates.
1412 3179 1467 3236 Nec
1479 3181 1532 3235 alia
1547 3179 1586 3234 uis
1602 3178 1725 3244 ejusdcm
1742 3190 1812 3245 prae-

154 3254 201 3303 set
219 3261 283 3316 ergo
295 3246 489 3303 Constantinus
514 3247 540 3302 iu
563 3248 694 3318 superiori
709 3257 785 3319 parte
801 3248 952 3315 tribunalis,
1008 3254 1151 3324 positionis
1162 3254 1189 3308 iu
1202 3254 1322 3324 praprcdi
1336 3254 1406 3325 apud
1417 3253 1587 3318 Ciceronem,
1597 3250 1641 3305 ubi
1657 3259 1717 3319 post
1727 3247 1813 3315 Quia·

153 3318 197 3373 nti
224 3318 366 3388 explicant.
390 3321 425 3374 at
469 3318 585 3374 uomodo
610 3320 743 3390 potuisset
763 3319 799 3374 ibi
814 3319 955 3378 obstaculo

152 3403 231 3452 esse,
250 3404 283 3444 ne
296 3389 372 3456 Daia,
392 3390 436 3460 qui
449 3335 560 3447 Caleno
578 3390 739 3445 Marrirniano
758 3406 773 3442 a
790 3399 864 3461 tergo
876 3401 953 3461 erat,

152 3460 184 3516 in
213 3460 332 3516 medinm
360 3463 581 3531 protraheretur?
604 3461 708 3531 ilcpcili
736 3460 808 3517 euim
835 3467 955 3532 oportuit

151 3529 380 3600 Constantinum,
396 3548 450 3603 quur
464 3533 488 3588 id
510 3532 604 3598 deret,
619 3544 747 3602 pergente
763 3547 827 3588 arax
840 3542 932 3590 trustra
946 3552 952 3588 :

153 3601 191 3657 ia
207 3614 343 3673 conspectu
367 3605 482 3658 mnuiurn
502 3602 677 3658 diaxiraianus
695 3619 801 3658 maurum
814 3615 955 3660 retrorsum

155 3674 297 3729 mentiens
322 3676 449 3746 protraxit
464 3693 480 3729 a
495 3685 565 3746 terpa
590 3675 700 3739 Daiam,
722 3675 888 3730 Constantino
914 3693 955 3731 rc-

156 3744 246 3814 pulro,
269 3753 359 3801 etc...
383 3747 512 3800 constituit
536 3749 562 3800 ia
585 3747 705 3801 medium.
728 3745 805 3801 Patet
825 3748 954 3814 aturrino,

159 3812 364 3872 Corratautinurn
392 3833 559 3890 nequaquam
575 3820 600 3871 iu
616 3817 749 3886 superiori
765 3827 841 3888 parte
869 3819 955 3874 tribn-

161 3887 284 3951 ualis,ut
297 3888 350 3944 viri
369 3887 441 3945 docti
460 3903 509 3959 per
527 3904 605 3943 suunt
625 3904 713 3943 rusunt
732 3891 773 3944 uei
793 3905 896 3943 sursum
914 3889 956 3945 iu-

165 3957 298 4029 tellignot,
314 3960 470 4017 adstitisse:
485 3959 532 4015 sed
555 3958 690 4015 adstitisse
715 3961 838 4030 proprie.
855 3961 881 4015 id
897 3971 953 4027 est,

165 4026 283 4085 dextruat
303 4031 345 4086 sei
359 4032 497 4087 sitristrum
524 4030 675 4086 hiariariaui
691 4031 775 4086 nostri
798 4032 868 4086 latus
881 4031 956 4086 cian-

164 4100 247 4167 sisse3
266 4101 335 4159 adeo
349 4116 377 4158 ut
396 4104 471 4168 baia,
486 4103 530 4173 qui
544 4120 559 4157 a
574 4114 649 4173 tergo
663 4103 773 4168 aderat,
787 4118 841 4157 nou
864 4114 956 4172 posset

165 4171 302 4229 commode
322 4174 348 4228 in
375 4174 492 4228 medium
514 4175 649 4243 protrahi,
678 4173 728 4227 uisi
755 4174 864 4243 repulso
882 4173 956 4243 prius

165 4237 347 4300 Constantino.
370 4245 473 4301 Praler
495 4261 574 4316 quam
595 4246 683 4313 quod,
697 4261 757 4299 cnut
784 4245 955 4315 superiorem

166 4313 300 4369 tribunalis
312 4329 415 4387 partem
429 4328 596 4374 rtreutorant.
611 4316 766 4384 planissime
780 4318 892 4371 ιιιιιιιιιιιι
909 4316 956 4371 tri·

165 4381 259 4441 bahale
281 4387 364 4442 luisse
383 4387 502 4450 decline,
516 4402 563 4441 seu
578 4387 728 4454 deserum,
743 4397 771 4443 el
786 4390 812 4442 ia
827 4387 955 4443 auteriori

165 4457 283 4524 portione
298 4459 493 4514 Diocletianum
508 4459 611 4513 sedisse
621 4458 662 4512 acl
676 4460 783 4513 stetisse
796 4475 858 4515 cunt
873 4457 954 4516 Gale·

163 4524 216 4593 rio,
229 4544 243 4583 a
258 4541 333 4601 tergo
358 4546 422 4584 raro
438 4530 540 4584 baiam.
562 4529 629 4596 Qum
644 4529 801 4599 hypothesis
816 4545 869 4586 uon
889 4530 955 4586 ulla·

164 4604 219 4654 lam
233 4609 334 4656 lantum
357 4601 543 4657 dillicultateur
569 4600 713 4671 plurimam
726 4611 821 4669 auget,
832 4599 880 4655 sed
894 4601 957 4658 inde

161 4682 270 4739 prorsus
293 4673 478 4742 improbabilis
501 4681 557 4737 est,
571 4670 659 4741 quod,
675 4681 701 4724 ιιι
717 4685 761 4726 res
775 4682 852 4737 suta,
870 4671 956 4739 palam

160 4741 214 4809 sit,
231 4744 422 4799 Diocletianum
446 4759 498 4798 nou
522 4743 586 4798 alibi
610 4757 755 4813 purpuram
782 4742 956 4811 deposuisse,

159 4826 241 4882 quam
257 4817 298 4872 uhi
312 4815 491 4870 blaxiruianus
502 4815 560 4882 ipse
567 4821 730 4883 surrepserat,
743 4812 778 4868 de
789 4827 957 4884 quocumque

159 4885 269 4941 landem
292 4886 454 4942 Maximiano
479 4884 598 4940 uolueris
626 4884 857 4955 intelligereris,
884 4885 956 4954 quod

154 4953 217 5023 jam
231 4957 362 5025 riulirnus,
376 4967 520 5028 surrepserat
539 4957 612 5010 illanc
634 4956 763 5011 alteruter
780 4955 956 5010 iittcintiauus

157 5027 188 5081 ιιι
203 5043 308 5084 sommo
330 5030 381 5084 loci
394 5030 456 5096 alti,
472 5028 557 5082 trihus
571 5026 716 5082 otiltibusa
731 5027 839 5083 ciuitate
852 5028 955 5083 distan-

157 5097 213 5166 tis;
237 5100 401 5173 eodemque,
425 5111 453 5156 ut
475 5100 536 5154 ιιοιι
560 5099 683 5154 Casuras
709 5099 957 5167 pronuntiarentur,

157 5183 314 5237 perrectum
337 5183 399 5229 cst:
416 5170 570 5241 ibidemque
592 5169 660 5224 adeo
687 5169 819 5224 tribunale
838 5184 892 5225 nan
907 5170 957 5227 de·

154 5240 230 5299 clire
251 5260 317 5300 sane
340 5250 541 5304 constructum,
563 5241 610 5296 sed
637 5254 685 5309 pro
699 5240 752 5295 situ
776 5239 828 5296 loci
852 5252 957 5297 rectum

156 5312 340 5385 plausumque,
355 5315 458 5385 absque
473 5313 547 5368 omni
571 5322 648 5383 parte
663 5313 795 5382 superiori
820 5312 862 5366 vel
887 5314 957 5370 iule-

154 5383 236 5440 riuri.
255 5387 338 5443 Debet
351 5400 416 5457 erga
435 5385 464 5440 τὸ
476 5399 567 5438 rusum
580 5381 688 5439 schedae
703 5382 803 5439 ueteris
815 5386 957 5455 connecti,

153 5456 240 5526 quale
259 5467 319 5525 cst,
333 5472 396 5513 curu
419 5456 595 5525 sequentibus
606 5495 614 5516 .
627 5455 650 5509 si
672 5454 732 5523 quis
753 5467 785 5509 er
800 5454 848 5508 illo
861 5470 958 5512 sensus

151 5527 256 5585 conlisi
272 5531 368 5602 possit,
385 5526 457 5599 quod
477 5542 532 5583 nou
552 5526 652 5592 credo;
667 5524 709 5581 uei
732 5527 758 5579 iu
771 5523 870 5596 aliquid
885 5527 957 5583 ailad

150 5602 276 5667 mutari,
291 5601 441 5658 secuudum
456 5600 580 5669 cretrrpla
594 5613 653 5668 quar
667 5610 747 5661 mor,
760 5604 788 5651 et
803 5605 959 5667 postpauca

149 5667 271 5740 iterum,
283 5672 507 5745 subjiciemus.-·
517 5669 624 5725 Susum.
636 5667 709 5740 Lego
721 5667 855 5736 caniacus,
868 5677 898 5724 ut
907 5669 957 5737 sit,

151 5737 345 5800 Cassandrus
359 5742 459 5799 arabat
471 5745 604 5814 confusus.
617 5739 702 5798 Gaas.

198 5811 344 5886 Sciscitari,
362 5814 407 5872 rel
429 5814 559 5883 hadrac,
582 5823 635 5870 etc.
659 5809 831 5884 ammaum,
852 5810 958 5869 instare.

1006 3332 1062 3379 tum
1078 3323 1190 3380 Fabium
1207 3325 1370 3392 Labeonem,
1387 3338 1435 3380 sen
1451 3337 1531 3393 quern
1547 3323 1642 3385 altrum,
1658 3320 1736 3386 dicit,
1753 3337 1763 3371 ι
1782 3329 1810 3374 ιιι

1006 3396 1123 3466 regredi,
1139 3410 1219 3466 quam
1238 3397 1362 3467 progredi
1377 3395 1506 3460 malieut;
1522 3413 1532 3446 r
1550 3393 1592 3449 rei
1607 3389 1721 3447 inlerius
1741 3391 1812 3460 apud

1005 3477 1129 3521 noslrnnr
1158 3466 1247 3535 caphe
1261 3469 1291 3521 ll
1308 3467 1335 3522 itt
1359 3465 1470 3539 promoti
1484 3480 1493 3518 :
1507 3482 1516 3515 r
1532 3465 1570 3519 dc
1589 3480 1623 3518 ne
1648 3464 1749 3531 irnpctu
1765 3477 1812 3531 po·

1005 3537 1063 3662 puli
1081 3536 1116 3593 tie
1130 3538 1287 3592 carnihcum
1304 3538 1429 3592 matribus
1444 3544 1613 3605 raperentur,
1628 3534 1745 3602 promoti
1762 3531 1812 3585 nri·

1016 3608 1076 3662 itari
1089 3607 1182 3674 moda,
1196 3621 1248 3663 etc.
1266 3627 1275 3661 r
1290 3606 1391 3663 Locum
1408 3606 1508 3661 videet
1522 3613 1610 3659 notas.

1042 3677 1076 3732 Et
1091 3689 1203 3746 ‚earrtuur
1224 3687 1319 3733 restem
1340 3679 1476 3749 priuatam.
1501 3674 1538 3730 ita
1565 3674 1646 3730 hodie
1669 3671 1807 3738 Raluuius,

1006 3764 1065 3820 pro.
1086 3760 1110 3804 et
1133 3759 1210 3804 cauto
1233 3760 1326 3804 acrtcru
1352 3750 1497 3817 priuatam,
1514 3762 1575 3816 quse
1592 3743 1692 3801 ueteris
1707 3743 1810 3800 codicis

1004 3821 1098 3890 lectio,
1110 3836 1197 3890 eaque
1211 3820 1297 3892 prima
1313 3821 1371 3876 vice
1383 3837 1398 3874 a
1410 3821 1468 3874 uiro
1481 3817 1634 3873 clarissimo
1656 3830 1809 3885 repraesen-

1006 3902 1077 3958 tata,
1095 3901 1196 3962 etpost
1219 3892 1291 3946 illum
1307 3908 1322 3946 a
1339 3892 1450 3961 reliquis
1472 3889 1631 3946 editoribus.
1653 3886 1722 3942 liinc
1739 3898 1810 3942 narra

1005 3979 1066 4034 quar
1081 3974 1230 4034 sequuntur
1247 3962 1452 4019 currendatioues
1468 3977 1529 4017 cum
1544 3959 1679 4030 adjunctis
1694 3958 1807 4013 notulis.

1005 4064 1042 4076 -
1055 4034 1138 4104 Lege,
1149 4032 1275 4089 Erulum.
1289 4034 1346 4091 iloc
1359 4034 1432 4090 euim
1446 4034 1562 4088 reiertar
1572 4031 1606 4086 ad
1621 4028 1807 4094 ilaxhuinuur,

1004 4104 1147 4173 Burburus,
1171 4105 1205 4159 ad
1222 4105 1319 4160 calcem
1343 4107 1404 4160 edit.
1433 4104 1521 4160 Paris.
1533 4133 1568 4144 -
1579 4102 1666 4170 Lago,
1682 4100 1806 4181 destant.

1006 4174 1133 4233 Refertur
1145 4177 1245 4248 quippe
1256 4177 1288 4231 ad
1302 4176 1476 4232 iiaxituinunr
1488 4173 1589 4229 sororis
1599 4169 1701 4226 Galerii
1712 4169 1807 4224 llhuat.

1007 4246 1095 4302 Editio
1117 4246 1167 4302 On.
1193 4263 1226 4301 au
1243 4247 1323 4303 toth.
1349 4247 1415 4302 item
1431 4242 1505 4300 Cant.
1521 4261 1565 4298 an.
1580 4239 1809 4310 tots-Lege,

1008 4315 1123 4374 Erulum
1133 4327 1200 4373 ueste
1211 4320 1331 4386 priuata:
1344 4315 1462 4372 refertur
1472 4315 1583 4385 quippe,
1596 4323 1661 4373 etc..
1672 4321 1702 4365 ιιι
1716 4312 1806 4366 arundo.

1007 4388 1144 4460 Sparitius,
1158 4391 1186 4443 iu
1201 4390 1261 4442 edit.
1278 4387 1364 4443 Oeen.
1389 4385 1470 4442 rost.
1481 4415 1517 4425 -
1528 4381 1671 4455 Spurilium
1686 4382 1807 4437 oxnnium

1007 4461 1105 4516 melius
1114 4458 1285 4543 emendasse,
1296 4459 1414 4514 indicant
1424 4457 1545 4528 prorinta
1554 4458 1615 4521 ista,
1628 4469 1806 4526 purpurans...

1009 4542 1187 4600 quarccanrr.
1706 4595 1712 4608 ⁸
1745 4595 1751 4607 υ
1785 4594 1792 4606 ·

1049 4600 1186 4657 Constituit
1206 4603 1234 4657 iu
1253 4602 1375 4657 aredium.
1393 4598 1495 4668 Quidni
1518 4598 1607 4670 potius
1630 4605 1761 4651 caustrturt
1782 4610 1811 4649 nr

1012 4674 1107 4741 medio,
1118 4673 1189 4728 sicut
1204 4684 1243 4729 tot
1264 4674 1331 4730 locis
1345 4675 1415 4743 apud
1430 4672 1605 4735 Ciceronem,
1621 4680 1648 4724 et
1666 4669 1743 4730 alios,
1763 4681 1810 4737 pa-

1012 4746 1109 4798 starcia
1122 4746 1215 4811 media,
1232 4761 1372 4818 proponere
1386 4747 1412 4798 iu
1428 4745 1522 4808 aredio,
1538 4754 1565 4798 ct
1580 4747 1707 4797 sexcenta
1723 4738 1810 4821 idOge·

1011 4815 1085 4871 nusi
1100 4815 1210 4872 Videtur
1224 4831 1289 4873 sanc
1302 4818 1393 4871 ultima
1408 4819 1495 4871 iittcra
1513 4814 1587 4868 vocis
1601 4813 1712 4866 medium
1724 4825 1810 4880 ortgr-

1011 4902 1074 4941 nem
1088 4903 1164 4943 snam
1178 4887 1274 4956 primae
1296 4888 1394 4944 litterar
1408 4885 1546 4958 sequentis
1561 4883 1684 4938 socahuii
1697 4880 1807 4949 debere,

1011 4958 1084 5029 quod
1099 4960 1188 5012 mirari
1201 4969 1253 5015 est.

1049 5027 1120 5083 Huic
1133 5046 1274 5101 purpuram
1297 5025 1474 5082 Diocletianus
1496 5025 1583 5095 injecit
1604 5039 1694 5090 suam,
1719 5038 1770 5094 qua
1783 5038 1811 5078 sc

1012 5102 1093 5154 eruit.
1119 5099 1266 5168 Purpuram
1290 5098 1452 5153 Nicomedia
1478 5094 1603 5165 deposuit
1630 5094 1810 5149 Diocletianus

1011 5170 1078 5242 ipsis
1098 5167 1221 5225 italeudis
1243 5170 1321 5224 maiis
1343 5169 1408 5223 artui
1429 5167 1493 5233 505,
1509 5175 1578 5221 teste
1599 5163 1749 5231 Lactantio,
1765 5164 1813 5219 cui

1011 5241 1093 5296 etiam
1109 5240 1244 5296 consentit
1268 5240 1311 5294 sui
1333 5239 1432 5294 oblitus
1458 5236 1625 5293 Eusebius...
1651 5237 1810 5303 Quanquam

1011 5322 1103 5368 autern
1118 5315 1201 5367 instar
1214 5313 1335 5368 omnium
1350 5324 1420 5366 unus
1434 5311 1470 5365 sit
1483 5304 1623 5364 habendus
1640 5305 1810 5387 Lactantius,

1012 5393 1076 5439 suut
1095 5393 1182 5440 ιιιιιοιι
1207 5395 1234 5440 et
1258 5382 1328 5446 alia,
1345 5397 1404 5454 quac
1428 5380 1508 5437 tidem
1533 5382 1591 5448 ejus
1616 5377 1667 5432 lrac
1688 5391 1716 5430 ra
1730 5390 1812 5431 causa

1011 5455 1211 5512 commendant.
1221 5455 1401 5518 Dooneutus,
1418 5454 1520 5508 dissert.
1532 5449 1610 5521 qur.
1623 5463 1667 5513 ιι,
1682 5462 1752 5500 nura.
1761 5446 1807 5501 75.

1011 5556 1049 5567 —
1063 5526 1140 5584 Unde
1155 5537 1193 5594 tu,
1209 5541 1331 5597 quaenunt
1356 5526 1406 5581 alia
1422 5523 1553 5595 intelligat
1566 5531 1593 5576 et
1607 5519 1712 5582 alierat,
1726 5515 1812 5573 debes

1013 5608 1105 5667 petere
1118 5617 1126 5653 t
1139 5598 1260 5670 longiora
1273 5597 1381 5670 quippe,
1394 5612 1474 5669 quatu
1487 5604 1516 5651 ut
1529 5593 1581 5649 hue
1590 5588 1812 5670 transcribantur.

1051 5668 1120 5722 ιιοιι
1133 5685 1286 5742 purpuram,
1298 5677 1351 5725 etc.
1364 5669 1512 5740 Purpuram
1524 5666 1642 5746 dixiurus
1654 5662 1813 5742 deposuisse
1850 5699 1855 5705 .

1014 5738 1258 5810 Diocletianumri.
1275 5742 1307 5796 D.
1323 5740 1376 5797 ιιι
1390 5740 1483 5813 aprilis
1499 5738 1524 5805 i,
1539 5736 1563 5791 si
1572 5733 1696 5816 idatium,
1710 5745 1774 5786 matt
1786 5730 1814 5796 l,

1016 5810 1039 5866 si
1055 5810 1224 5869 Lactaminm
1238 5810 1389 5870 audiemus.
1415 5810 1516 5869 Eodem
1540 5807 1587 5861 iilo
1601 5804 1645 5861 dte
1669 5804 1754 5861 lactus
1775 5810 1820 5860 est
