4142 6184
162 267 237 330 1068
389 285 394 294 ·
619 274 695 334 etv.
716 275 763 335 lt.
782 275 915 336 ludunt
937 277 981 334 bu
1002 277 1119 336 ventur
1137 278 1216 338 libb.
1236 279 1371 354 eflutsb
1741 289 1811 350 locu

161 393 265 455 posset,
273 382 335 455 jure
346 384 444 443 merito
460 386 671 457 compellendos.
698 389 851 451 Lumautius
870 401 960 450 autem
974 395 1001 456 Α
1013 393 1115 461 missis,
1126 403 1199 451 tanta
1214 396 1372 455 crudelitato
1384 395 1411 452 in
1424 395 1470 453 bel
1484 396 1539 454 verl
1552 397 1670 457 cultores
1683 399 1811 461 christia-

161 478 236 535 ultrc
254 476 353 535 iatettn
375 478 510 552 (bucmar.
530 481 575 537 tiu.
592 495 621 548 v,
636 481 703 539 lust.
718 502 777 555 cop.
793 484 850 559 lb)
873 485 901 541 in
929 500 962 543 ea
1011 500 1072 553 nos,
1089 496 1223 558 tamquam
1234 488 1261 544 in
1277 504 1347 548 verae
1360 489 1499 562 religionis
1522 505 1663 550 eversores
1685 493 1810 553 furebant

161 571 297 643 maiomm
309 572 439 645 religione
454 573 676 644 permanendum,
690 591 751 647 quac
767 592 861 634 verum
878 577 962 633 beutn
1011 595 1045 638 ac
1057 581 1265 641 bacchabantur.

162 664 322 737 colitque
346 673 480 723 tormenta
501 666 639 738 quaelibet,
663 682 695 724 ac
719 668 820 725 illatam
846 679 961 727 mortem
1049 673 1151 732 Deinde
1164 689 1230 732 vero
1243 674 1327 734 lacab
1339 675 1383 732 bis
1400 676 1467 734 solie
1479 677 1637 748 religionem
1655 681 1811 756 cultumque
1842 731 1848 743 .

162 753 280 814 libenter
291 756 402 814 terendo
419 768 621 831 propugnatur:
643 775 697 817 non
713 776 777 818 vero
802 760 877 818 illem
901 776 962 833 quae
1012 762 1124 823 deorum
1148 765 1261 833 destrui,
1283 774 1365 839 atque
1387 768 1488 826 idcireo
1515 770 1582 827 dnos
1607 772 1642 829 ab
1668 772 1722 830 iilis
1744 776 1811 834 solis

162 846 220 903 reri
246 847 293 904 liei
318 848 422 905 cultum
441 850 577 921 probibet,
603 859 778 924 conaturque,
799 853 960 911 innocentes
1011 854 1084 913 allici
1112 857 1227 929 iniuria,
1253 858 1361 929 borum,
1389 859 1476 932 inquit
1500 860 1656 920 Lactantius
1670 862 1808 938 (Latent.

160 939 236 996 viros
249 939 408 1006 occidendo,
423 954 453 998 se
465 942 641 1013 ipssmtueri.
655 942 784 1000 llamboc
797 943 961 1015 iniquorum,
1013 945 1058 1006 tto.
1073 964 1106 1016 v,
1118 966 1177 1020 sup.
1192 950 1247 1020 2⁰)
1262 951 1375 1008 deorum
1403 962 1462 1009 erat
1481 968 1545 1011 suas
1571 955 1683 1026 injurias
1704 957 1810 1016 ulcisci.

161 1039 190 1089 et
202 1030 269 1089 illud
280 1031 414 1104 justorum
427 1032 565 1091 bominum
577 1036 694 1094 olllcium
706 1045 758 1095 cst.
776 1036 847 1094 ilibil
863 1040 963 1109 quippe
1011 1041 1072 1100 lion
1093 1045 1166 1101 enim
1182 1044 1234 1102 nisi
1248 1045 1366 1117 potentia
1389 1055 1417 1103 et
1443 1047 1584 1105 divinitate
1602 1048 1725 1107 destituti
1744 1052 1811 1120 sint,

161 1126 248 1197 magis
273 1126 465 1196 uoluntarium,
488 1144 568 1201 quam
592 1129 696 1203 religio,
726 1131 799 1188 liene
823 1132 963 1190 enimvero
1013 1136 1131 1192 humano
1157 1135 1312 1208 indigebant
1334 1136 1445 1206 auxilio,
1471 1153 1526 1210 quo
1551 1139 1585 1197 de
1612 1141 1728 1198 inimicis
1753 1143 1812 1200 suis

160 1218 264 1275 nullum
279 1227 362 1286 amat,
385 1219 437 1277 nisi
452 1222 533 1278 aben
547 1221 762 1289 libereametur3
777 1223 879 1280 nullum
896 1238 962 1295 pre·
977 1227 984 1238 ‘
1014 1242 1108 1299 poenas
1121 1237 1270 1286 sumerent.
1285 1229 1403 1287 Etcerte
1415 1229 1511 1288 Cicero
1526 1230 1650 1303 perbibet
1662 1234 1690 1289 in
1702 1235 1770 1303 suis,
1785 1235 1812 1291 id
1828 1285 1830 1288 .

160 1317 269 1367 cantem
279 1311 367 1378 audit,
379 1310 431 1367 nisi
441 1319 539 1383 sponte
550 1320 630 1385 atque
645 1328 677 1371 er
696 1313 786 1371 animo
799 1313 834 1370 sd
849 1329 963 1386 precan-
1013 1326 1066 1385 est,
1089 1319 1261 1391 antiquorum
1290 1320 1474 1377 Romanorum
1499 1322 1611 1393 legibus,
1641 1324 1693 1381 boc
1729 1326 1813 1385 inisse

160 1399 227 1458 dum
239 1400 505 1474 accedatrrlieligin
518 1404 643 1475 itaque»,
657 1403 696 1460 uti
707 1403 864 1461 Lactantius
876 1404 964 1476 loqui·
1013 1411 1163 1468 sancitumt
1186 1412 1312 1469 Pietatem
1333 1414 1481 1477 adbiberuo,
1508 1432 1569 1488 opes
1593 1428 1737 1475 umcoeutu.
1762 1420 1815 1489 Qut

160 1504 216 1562 tur,
235 1495 316 1567 «engi
331 1510 385 1553 non
400 1505 498 1566 potest.
522 1494 620 1553 Verbis
646 1498 735 1570 potius
762 1512 842 1569 quam
867 1497 964 1556 verbe·
1013 1504 1284 1573 ususfructum
1306 1505 1427 1576 eiusdem
1453 1503 1592 1565 Ciceronis
1614 1517 1689 1565 textu
1708 1509 1811 1581 (Cicer.

158 1588 236 1647 ribus
247 1588 405 1660 resugenda
419 1597 477 1658 est,
505 1597 535 1646 ut
560 1590 596 1647 sit
618 1591 752 1648 voluntas.
765 1609 775 1645 ι
801 1591 878 1648 Prius
898 1607 963 1648 vero
1013 1595 1060 1651 lib.
1069 1611 1089 1651 ιι
1103 1600 1135 1651 de
1148 1596 1250 1670 Lepid.)
1266 1607 1295 1655 et
1307 1599 1382 1670 regio
1392 1612 1505 1670 operum
1517 1597 1650 1658 Lactantii
1662 1601 1815 1674 antiquiore

160 1680 349 1739 Tertullianus
361 1681 483 1739 dixerat:
501 1680 607 1739 «Nemo
618 1697 648 1740 se
661 1683 695 1739 ab
707 1683 792 1740 invito
805 1683 860 1740 culi
880 1682 962 1750 volet,
1014 1688 1118 1758 endicc,
1133 1688 1204 1746 Deua
1217 1692 1272 1763 ipae
1286 1692 1378 1747 nuder
1390 1693 1449 1748 erit.
1478 1691 1648 1766 Quapropter
1665 1697 1816 1768 cyprianus

160 1790 197 1832 ne
210 1775 293 1831 bomo
305 1775 445 1847 quidemr
470 1776 505 1831 lit
526 1786 618 1848 postca
633 1796 641 1836 r
657 1797 667 1832 t
681 1778 802 1851 iniquum
824 1777 961 1835 videretur
975 1786 1000 1847 Β
1013 1781 1122 1838 eosdem
1139 1783 1254 1854 gentiles
1267 1783 1362 1840 endem
1378 1783 1469 1853 modo,
1493 1784 1590 1858 hisque
1614 1789 1703 1844 verbis
1726 1772 1816 1848 inscc-

160 1870 263 1928 libcros
274 1870 398 1928 homines
408 1870 505 1929 invitos
519 1871 607 1943 urgeri
617 1871 650 1928 ad
662 1871 877 1929 sacrincandun.
891 1870 959 1929 Nam
1012 1881 1104 1931 tatur:
1122 1874 1169 1932 «Si
1181 1875 1245 1947 qnid
1267 1876 1319 1932 diis
1342 1876 1394 1933 tuis
1411 1876 1530 1935 numinis
1546 1887 1574 1934 et
1595 1885 1735 1951 potestatis
1759 1894 1811 1949 est,

159 1970 189 2019 et
199 1961 265 2019 alias
276 1961 375 2019 divine
387 1962 427 2020 rei
438 1961 664 2021 laciendaelibens
677 1966 784 2021 animus
798 1965 958 2021 indicitur.»
1013 1968 1065 2042 ipsi
1077 1969 1103 2025 in
1116 1969 1245 2028 ultionem
1259 1985 1335 2025 suam
1346 1978 1468 2041 surgant,
1484 1972 1534 2042 ipsi
1555 1986 1585 2027 se
1608 1988 1658 2028 sua
1675 1973 1817 2044 majestate

163 2053 412 2128 (Tertull.nlpcloq.
428 2072 487 2126 cup.
503 2056 539 2112 tl
558 2066 581 2112 ιι
600 2073 659 2129 cop.
676 2058 743 2129 ιι.)
766 2058 819 2116 Sed
839 2058 914 2129 plura
927 2057 962 2113 de
1013 2058 1173 2132 defendant3
1198 2069 1243 2117 aut
1265 2061 1330 2133 quid
1353 2072 1484 2133 praestare
1517 2062 1668 2119 colentibus
1691 2077 1814 2135 possunt,

161 2143 333 2202 Tertulliano
344 2146 412 2202 inira
427 2147 634 2218 disputabimus.
1013 2151 1104 2224 quise
1122 2152 1221 2209 deuon
1237 2154 1386 2211 colentibus
1402 2154 1538 2210 vindicare
1552 2171 1606 2212 uon
1623 2159 1754 2226 possuntt
1756 2199 1814 2215 .....

199 2236 344 2294 Christiani
355 2252 420 2309 ergo
434 2238 492 2294 buc
507 2239 591 2310 probe
616 2240 808 2313 intelligentes,
825 2243 961 2299 neminem
1014 2245 1118 2303 Pudeat
1139 2256 1166 2302 te
1188 2261 1236 2304 eos
1256 2247 1358 2316 colere,
1386 2262 1453 2317 quos
1474 2246 1532 2318 ipse
1553 2248 1691 2306 delendis:
1716 2252 1817 2323 pudeat

161 2328 198 2386 ad
209 2330 408 2402 suscipiendam
421 2332 579 2403 religionem
591 2347 668 2390 suam
679 2335 823 2406 cogebant,
833 2343 881 2392 aut
890 2336 917 2391 in
930 2350 963 2393 ea
1014 2338 1126 2394 tutelam
1140 2338 1175 2394 de
1188 2339 1221 2394 iis
1233 2353 1353 2408 sperare,
1366 2353 1434 2410 quos
1448 2349 1476 2394 tu
1486 2339 1545 2409 ipse
1555 2341 1817 2415 tueris.r(dqpriou.

161 2423 317 2482 retinebant
329 2424 461 2482 invitum:
476 2425 525 2482 sed
538 2441 598 2483 eam
606 2427 694 2485 solam
707 2441 800 2484 veram
810 2442 872 2484 esse
883 2427 966 2487 doce·
1015 2437 1117 2485 encrat.
1126 2430 1161 2483 ad
1170 2426 1302 2501 Damae.)
1316 2431 1351 2486 Αι
1364 2430 1391 2485 in
1404 2430 1588 2500 superioribus
1604 2433 1704 2489 trostris
1715 2432 1817 2491 disser-

164 2515 241 2584 bant,
253 2516 415 2589 probabant,
440 2517 671 2576 demonstrabant.
692 2519 874 2589 Quamobrem
894 2520 965 2578 Lae·
1016 2521 1161 2578 tatiouibus
1182 2520 1421 2576 animadvertimus
1433 2532 1560 2592 quantum
1577 2522 1678 2579 ethnici
1698 2524 1751 2581 ltoc
1769 2540 1817 2581 ar-

163 2611 266 2667 lautius
277 2621 381 2678 noster,
396 2612 624 2684 quemadmodum
648 2612 799 2687 Cyprianus
821 2614 964 2689 (cyprian.
1015 2623 1145 2687 gumeuto
1156 2623 1351 2686 premerentur.

162 2710 238 2759 tract.
257 2704 304 2761 cd.
321 2704 494 2781 Dnnetrioa.)
510 2721 605 2764 omnes
631 2707 754 2764 ethnicus
774 2716 913 2780 provocat.
937 2716 967 2765 ut
1052 2707 1094 2764 Ad
1117 2707 1176 2764 haec
1197 2723 1262 2764 vero
1275 2705 1376 2763 ethnici
1403 2706 1565 2765 christianos
1590 2708 1643 2764 diis
1662 2710 1816 2769 sacrificare

161 2795 222 2854 sine
236 2796 290 2854 ulla
302 2799 329 2854 ri
338 2808 367 2854 et
381 2799 488 2870 injuris,
503 2798 550 2856 sed
564 2799 638 2856 omui
650 2815 702 2873 qua
722 2798 840 2872 pollent,
857 2808 966 2858 ararent
1016 2802 1149 2874 cogendo,
1159 2801 1262 2857 nullum
1275 2800 1408 2872 planculli
1417 2799 1578 2857 beneficium
1596 2802 1662 2857 dure
1676 2811 1812 2872 poterant,

161 2903 194 2948 se
205 2889 415 2962 eloquentiane
430 2895 553 2951 eominus
565 2894 775 2967 congrediantur
801 2910 864 2952 curu
891 2895 966 2953 citri-
1016 2911 1072 2952 non
1083 2896 1135 2951 diis
1145 2895 1252 2967 quidem
1269 2894 1362 2965 :quud
1380 2895 1452 2949 cuim
1470 2894 1506 2950 ab
1520 2895 1605 2950 invito
1629 2903 1813 2968 extorquetur,

160 2983 269 3053 suanis,
287 2996 315 3043 et
333 2986 440 3058 singula
454 3003 548 3044 eurum
569 2988 730 3045 documenta
744 2988 903 3056 discutiant,
932 3004 966 3046 ae
1017 2986 1083 3043 illud
1097 3003 1151 3044 non
1176 2986 1350 3054 sacrificium,
1366 2986 1414 3043 sed
1426 2987 1578 3043 exsecratio
1591 2996 1643 3043 est.
1655 2989 1724 3056 Quid
1739 3005 1816 3058 vern,

161 3078 186 3135 si
196 3080 311 3149 possint,
324 3080 459 3138 relellant.
474 3082 546 3140 Petit
567 3083 688 3155 iusuper,
704 3091 734 3140 ut
756 3083 831 3141 clare
845 3083 963 3141 demon·
1018 3082 1090 3153 quud
1104 3096 1138 3138 eo
1152 3080 1211 3152 ipso
1222 3079 1258 3137 dii
1272 3096 1324 3135 non
1338 3080 1466 3151 snut,qui
1479 3080 1519 3136 sic
1531 3081 1566 3137 ab
1579 3080 1679 3147 invitis,
1694 3091 1721 3137 ut
1736 3084 1817 3154 paulo

160 3177 250 3228 streut
261 3187 322 3244 quat
335 3171 419 3231 luerit
430 3173 544 3231 deorum
569 3183 598 3231 et
619 3175 718 3231 rituum
743 3189 854 3232 suorum
875 3174 962 3248 origo
977 3163 1000 3229 C
1016 3181 1081 3229 ante
1090 3172 1258 3239 dicebamus,
1274 3172 1368 3229 volunt
1382 3172 1522 3229 bonorari.
1536 3171 1594 3228 lluc
1616 3172 1729 3240 accedit,
1744 3173 1816 3245 quud

165 3276 220 3333 quo
233 3263 286 3319 ritu
300 3262 340 3320 illi
364 3264 515 3322 bonorandi
538 3265 603 3331 sint,
628 3279 689 3337 que
713 3264 742 3321 in
768 3280 862 3323 eorum
888 3265 964 3324 cuitu
1015 3269 1106 3325 nullus
1116 3282 1169 3324 nou
1183 3267 1270 3324 insani
1286 3267 1382 3337 capitis
1396 3268 1477 3322 bomo
1490 3265 1517 3321 id
1531 3267 1667 3337 postulare
1681 3275 1779 3337 potest.

161 3369 280 3426 meroes,
290 3366 338 3414 aut
348 3357 376 3413 iu
386 3368 542 3429 contemptu
554 3373 633 3429 ptena
642 3357 892 3415 bominesutaneat.
907 3357 961 3415 Sed
1051 3357 1144 3430 Neque
1158 3358 1238 3416 etiam
1249 3357 1349 3414 ethuici
1365 3357 1415 3413 bac
1428 3357 1453 3413 si
1468 3366 1549 3427 atque
1561 3356 1689 3414 violentia
1704 3357 1818 3417 benetie

161 3448 473 3522 quantaviseiuquentia
487 3451 628 3522 pollerent,
650 3464 796 3520 numquam
809 3449 836 3505 id
851 3449 963 3507 deduiro
1014 3447 1171 3507 christianis
1197 3449 1381 3505 merebantur.
1400 3447 1507 3503 Nullum
1529 3448 1661 3518 siquidem
1690 3448 1817 3507 tribuitur

161 3543 616 3613 ausisunt3nedeorumsuorum,
641 3559 709 3616 qnos
734 3542 864 3600 mortales
877 3542 961 3601 luisse
1014 3541 1116 3598 uolenti
1132 3551 1159 3597 et
1172 3541 1306 3598 recusanti
1328 3539 1498 3596 beuelleium.
1524 3538 1617 3610 Neque
1629 3539 1731 3597 dixeris
1758 3542 1814 3612 pie·

160 3633 270 3691 dilllteri
283 3650 365 3694 nemo
379 3646 494 3707 poterat,
508 3646 608 3703 ortum,
620 3652 664 3694 res
686 3646 796 3708 gestas,
811 3634 961 3702 interitum,
1015 3637 1078 3693 tatis
1091 3634 1210 3691 elicium
1231 3649 1293 3690 esse
1315 3633 1458 3689 consulere
1471 3632 1603 3698 omniurn,
1627 3642 1708 3702 atque
1732 3635 1815 3690 etiam

159 3726 288 3797 sepulcra
315 3728 519 3800 pateiaeicntes,
536 3744 649 3786 summae
674 3728 794 3799 prolecto
818 3727 962 3785 dementiae
1014 3727 1162 3784 nolentium
1172 3725 1261 3782 saluti.
1275 3724 1342 3780 Nam
1356 3724 1502 3780 crudelitas
1515 3739 1589 3789 vcra,
1599 3723 1710 3780 minime
1721 3734 1810 3781 autem

159 3828 350 3890 arguerentur.
373 3818 473 3879 Contra
498 3836 563 3877 vero
592 3819 744 3889 cbristiani,
765 3819 962 3891 quantumlibet
1013 3819 1165 3891 pietasest,
1180 3815 1365 3889 quuealiorum
1388 3815 1452 3871 laisa
1477 3818 1587 3872 numina
1612 3816 1704 3872 colere
1730 3831 1812 3873 recu-

159 3909 243 3967 rudes
261 3921 289 3967 et
306 3911 434 3983 imperiti,
448 3910 626 3969 disertissime
647 3911 870 3968 demonstrabant
890 3910 962 3969 veri·
1013 3910 1132 3969 santium
1147 3909 1226 3966 saluti
1241 3907 1383 3965 consulere
1396 3922 1427 3964 se
1438 3916 1522 3980 putat,
1540 3906 1613 3974 illos,
1629 3906 1680 3963 nisi
1700 3921 1732 3964 ca
1746 3908 1816 3967 ado·

159 4009 244 4059 tatem
258 4004 473 4076 religioalssuae,
496 4013 525 4061 et
545 3982 665 4061 omnium
691 4004 750 4075 ejus
778 4005 961 4062 institutorum
1013 4012 1083 4073 rent,
1116 4001 1272 4068 cruciando,
1294 4002 1452 4069 atterendo,
1480 4001 1628 4072 perdendo,
1656 4010 1684 4058 et
1709 4003 1812 4058 interli-

162 4094 347 4152 sanctitatem.
362 4097 432 4165 Quid
459 4111 524 4168 ergo
548 4096 619 4152 aliud
644 4095 705 4152 iude
727 4095 958 4161 concludendum:
1011 4097 1119 4155 ciendo.
1149 4096 1298 4166 depropter
1327 4093 1466 4151 cluistiani
1499 4109 1533 4148 ue
1560 4092 1672 4149 minimo
1699 4093 1809 4164 quidem

159 4183 213 4242 nisi
227 4187 296 4259 quod
307 4187 425 4259 resipio,
438 4186 474 4244 ait
488 4187 654 4256 Lactantius,
675 4196 699 4243 ct
712 4187 807 4244 onitas
831 4185 956 4258 loquitur,
1011 4190 1128 4258 bomini,
1143 4189 1187 4261 qui
1199 4188 1283 4244 linum
1297 4202 1390 4243 verum
1410 4187 1501 4241 colere
1514 4184 1632 4249 nolebat,
1649 4184 1702 4238 vim
1730 4184 1811 4241 iacie-

159 4276 259 4336 borum
275 4296 377 4349 veram,
392 4281 500 4338 illorum
510 4282 604 4337 salsam
619 4294 681 4337 esse
692 4279 871 4350 religionem?
1011 4284 1088 4350 bant,
1104 4292 1135 4338 ut
1146 4282 1222 4338 illum
1233 4278 1356 4353 ingratiis
1365 4278 1477 4334 coleret.
1491 4276 1573 4333 Certo
1592 4276 1692 4351 quippe
1710 4276 1812 4334 certius

199 4375 343 4433 Acerrime
352 4374 440 4432 adbuc
456 4372 511 4430 telo
525 4373 649 4430 etlrnicos
661 4371 791 4439 contudit,
805 4371 850 4443 qui
871 4370 959 4442 palam
1011 4384 1155 4441 nouerant,
1179 4389 1251 4440 eum,
1278 4373 1323 4444 qui
1350 4372 1445 4436 berum,
1464 4370 1542 4426 sicuti
1565 4378 1678 4441 parcst,
1694 4386 1748 4426 non
1762 4386 1810 4428 re·

158 4470 377 4530 vociferabantur
388 4470 431 4525 uel
446 4467 482 4524 ob
492 4467 519 4524 id
530 4465 617 4523 solum
639 4465 789 4535 puniendos
802 4479 864 4522 esse
887 4465 959 4521 cbri-
1011 4464 1345 4537 neratur,impietatissnte
1353 4476 1447 4533 peenas
1460 4461 1509 4532 ipsi
1520 4459 1807 4531 aliquandudaturum.

159 4565 276 4628 stianos,
302 4561 363 4633 quia
377 4560 510 4633 maiorum
534 4573 644 4615 snorum
667 4556 813 4628 religiones
840 4555 998 4622 funditusl)
1046 4557 1145 4616 Contra
1173 4565 1264 4614 umen
1288 4555 1388 4611 ethnici
1412 4552 1564 4610 instabant:
1589 4552 1617 4610 Si
1631 4551 1669 4608 dii
1695 4551 1808 4621 injurias

160 4656 344 4715 destruebant.
360 4653 420 4710 llon
435 4653 507 4710 enim
531 4651 601 4719 illas,
627 4649 722 4717 inquit,
748 4648 833 4719 magis
853 4656 960 4704 everte·
1010 4651 1063 4707 sibi
1086 4651 1174 4707 illatas
1198 4648 1315 4707 debeant
1339 4643 1445 4712 ulcisci,
1461 4642 1678 4700 Christianorum
1702 4657 1809 4716 quoque

159 4749 245 4816 baut,
260 4762 341 4819 quant
351 4744 487 4818 AEgyptii,
501 4743 548 4816 ‘1¹¹¹
560 4752 652 4812 turpes
664 4741 765 4798 bestias
784 4747 812 4795 et
835 4739 958 4811 quaedum
1012 4742 1094 4808 bens,
1110 4743 1133 4798 si
1148 4756 1228 4798 verus
1236 4750 1265 4798 et
1277 4740 1450 4810 omnipotens
1459 4746 1510 4804 est,
1524 4736 1667 4807 probibere
1678 4734 1806 4801 debebat,

160 4844 236 4902 dictu
247 4841 383 4915 pudenda,
403 4840 438 4897 de
461 4839 559 4912 quibus
573 4852 623 4895 nos
635 4837 711 4906 alibi,
726 4844 754 4893 et
776 4834 866 4891 adbuc
889 4832 958 4890 inira
1011 4851 1047 4893 ne
1064 4835 1235 4892 suicnltores
1246 4832 1498 4890 tantiscruciatibus
1510 4840 1710 4909 torquerentur.
1726 4828 1809 4900 Atqui

160 4951 284 5010 agemus,
300 4949 348 5006 pro
363 4933 413 5004 piis
428 4930 636 4989 venerabantur.
650 4928 709 4986 Non
720 4928 804 4999 magis
817 4929 898 4984 etiam
911 4939 958 4982 eas
1009 4926 1037 4983 id
1048 4926 1094 4983 ille
1107 4941 1161 4983 nou
1175 4925 1264 4982 solum
1278 4924 1375 4980 tacitus
1387 4923 1460 4987 sinit,
1472 4921 1520 4977 sed
1534 4920 1666 4991 permittit
1679 4920 1759 4975 ctiam
1777 4926 1808 4975 ut

160 5026 331 5091 auferebant,
342 5039 423 5098 quum
433 5023 542 5097 ipsimet
554 5022 665 5086 ctlrnici,
677 5021 722 5092 qui
737 5034 799 5077 cum
814 5017 959 5075 adorarent
1010 5019 1094 5084 aliia
1117 5017 1215 5089 quibus
1236 5030 1381 5087 numquam
1407 5015 1516 5077 colitur,
1541 5013 1651 5080 divites,
1673 5012 1807 5078 opulenti,

159 5119 230 5178 dens
243 5132 307 5175 suos
320 5116 348 5174 iu
360 5116 479 5186 templis,
495 5128 553 5180 eos,
567 5124 594 5169 ut
606 5111 669 5169 alibi
682 5111 768 5167 adbuc
779 5108 956 5176 ostendimus,
1011 5107 1104 5164 inlices
1113 5106 1268 5179 siut,atque
1278 5107 1440 5163 adsummos
1450 5104 1634 5160 conscendant
1645 5103 1808 5174 dignitatum

159 5212 188 5271 iu
205 5210 317 5268 theatris
329 5208 495 5265 deridebant.
510 5204 569 5262 Non
583 5203 667 5275 magis
678 5202 792 5274 denique
812 5203 872 5258 illus
894 5216 957 5258 con·
1011 5200 1130 5256 omnium
1145 5197 1254 5270 gradus.
1274 5197 1374 5255 Verum
1399 5198 1454 5267 jam
1468 5194 1583 5251 vidimus
1597 5194 1734 5267 quomodo
1758 5196 1811 5251 bue

160 5301 309 5368 vellebant,
329 5315 408 5371 quam
438 5296 564 5369 Epicurei
588 5293 685 5353 etalii
720 5292 884 5364 philosophi,
913 5291 958 5365 qui
1012 5293 1278 5363 argumentum‚sive
1293 5298 1420 5362 perpetua
1438 5287 1582 5359 gentilium
1594 5288 1808 5361 querimoniae

160 5391 399 5461 nullosdeos,aut
418 5391 499 5462 siqui
518 5389 583 5457 sint,
613 5386 675 5443 illos
697 5385 764 5441 nibil
793 5399 900 5451 curare,
914 5395 961 5440 aut
1013 5384 1129 5442 blinucio
1140 5383 1232 5440 Felice
1247 5383 1385 5440 refellatur
1398 5380 1570 5437 aediluatur.

159 5484 252 5541 omnia
264 5491 360 5554 sponte
375 5491 436 5537 nata
451 5495 522 5548 esse,
537 5478 572 5536 de
594 5477 690 5549 quibus
703 5476 791 5533 adbuc
819 5491 868 5532 nus
894 5477 960 5531 stitis
1052 5476 1207 5548 Respondet
1216 5484 1380 5532 veronoster
1389 5472 1545 5529 Lactantius
1556 5472 1670 5544 gentiles
1680 5470 1720 5527 sie
1731 5483 1812 5542 argu-

160 5577 235 5643 alibi,
258 5587 311 5632 tam
337 5574 510 5646 impudenter
541 5587 621 5643 quum
646 5569 769 5641 imperite
800 5568 959 5624 docuerunt.
1011 5575 1174 5634 ntentmtes,
1199 5567 1289 5622 omnia
1324 5564 1413 5621 metiri
1444 5579 1568 5634 corpore,
1605 5564 1751 5636 cupiditate
1777 5578 1811 5620 ac

160 5670 240 5729 Nulla
250 5684 316 5744 ergo
329 5670 435 5726 ratione
446 5667 561 5740 gentiles
581 5665 624 5721 iuis
643 5663 770 5721 omnibus
793 5660 960 5730 bominibus,
1012 5659 1161 5729 voluptate,
1175 5674 1228 5714 nou
1243 5669 1334 5715 autem
1348 5659 1451 5724 animo,
1466 5657 1494 5711 iu
1507 5672 1558 5727 qun
1575 5656 1641 5720 solu,
1661 5655 1757 5727 inquit,
1774 5664 1812 5711 eat

161 5763 229 5824 deus
251 5777 316 5824 suos
336 5760 512 5821 irridentibus
534 5767 580 5813 aut
602 5754 773 5830 negantibus,
793 5754 904 5827 impune
918 5753 962 5811 di·
1013 5751 1100 5808 bomo.
1115 5750 1144 5808 Si
1157 5753 1229 5809 enim
1241 5752 1332 5809 auimo
1348 5764 1398 5809 sou
1416 5758 1444 5808 et
1458 5758 1532 5805 recta
1547 5750 1650 5807 rationo
1675 5757 1815 5808 uterentur

384 5855 523 5917 Parnon.
540 5851 611 5915 vll.
1491 5843 1529 5905 34
