4142 6184
218 247 290 360 tt'oa
876 285 1209 360 srrsnmxucnrru,
1797 277 1870 338 nat

219 413 337 479 uetitum,
354 416 379 466 et
394 406 478 466 innioi
487 405 548 464 ettit
561 406 588 461 itt
603 420 643 461 eo.
659 402 801 475 Propterea
814 401 863 457 erit
882 403 952 458 uobis
966 402 1017 458 ini-
1029 407 1055 465 Α
1069 409 1174 477 sanquis
1187 415 1212 462 et
1230 421 1316 478 aqua:
1329 415 1352 460 et
1366 407 1393 459 tri
1409 413 1460 459 tres
1474 417 1553 457 norrun
1565 408 1634 454 trtrrt.
1650 399 1681 454 st
1695 396 1870 452 testimonium

219 507 304 576 quitos
314 502 367 556 trac
380 500 444 555 sicut
467 497 628 568 interruptio.
644 495 748 552 Rursus
769 493 850 550 etiam
864 492 900 549 dn
922 492 1018 548 talibus
1071 498 1202 553 trerminum
1215 498 1375 568 accipimus,
1393 495 1565 552 testimonium
1579 492 1721 560 titinnius
1733 499 1782 544 est.
1799 488 1871 556 Quo·

220 594 350 668 propheta
362 592 461 649 chmel
474 590 540 664 (isa.
553 587 635 663 ortt),
650 589 743 645 dictetis
758 604 765 639 t
779 586 898 643 Accedtle
913 587 962 641 ituc
976 603 1018 641 te·
1071 593 1141 648 triam
1155 594 1203 648 ilde
1220 603 1256 648 est
1276 591 1447 647 testimoninm
1470 587 1536 652 Dei,
1555 584 1624 666 qnqd
1642 586 1726 658 tttojtts
1737 593 1794 672 est,
1809 580 1872 651 qttid

219 701 280 742 nien
292 682 412 739 adulterii
426 691 450 739 et
468 682 602 754 fornicarii
619 680 666 753 (ut.
681 680 760 735 sonti
773 678 883 734 adulteri
896 688 920 732 et
935 677 1018 748 iorni·
1072 687 1220 756 testificatus
1232 696 1270 741 ett
1283 685 1316 740 de
1328 683 1397 739 Filio
1415 699 1472 738 suo.
1488 678 1540 747 Qui
1556 679 1634 734 credit
1645 678 1674 732 in
1688 674 1787 731 Filium
1800 671 1870 738 Dei,

222 776 308 850 corii).
324 774 410 847 Super
421 790 495 846 quent
513 773 629 829 lusistis?
645 789 723 845 saper
736 788 811 844 quem
832 770 974 838 dilatastis,
995 778 1020 825 el
1072 778 1146 835 lrabet
1171 780 1342 835 testimonium
1356 778 1402 833 titt
1420 779 1448 832 iu
1470 793 1507 832 se.
1528 775 1578 842 Qui
1599 789 1651 829 aon
1676 770 1758 827 credit
1784 767 1871 836 Filio,

222 869 332 942 ejecistis
347 867 482 940 linquam?
496 865 632 937 Numquid
644 882 696 922 non
708 881 752 921 ooo
770 865 819 934 ptri
832 864 931 919 scelesti
943 863 1018 928 estis,
1072 872 1218 929 ‚rimantem
1229 873 1290 943 sacti
1305 888 1382 936 enm,
1398 871 1459 941 qnia
1473 885 1525 923 non
1543 866 1623 921 credit
1637 864 1665 919 in
1678 861 1872 927 testimonium,

219 980 305 1020 senten
319 960 450 1018 mendae?
463 959 577 1026 Cessent
590 959 665 1031 impii
685 957 869 1016 commentitia
891 957 1021 1014 adversus
1072 965 1141 1038 qnod
1173 966 1322 1035 testificatus
1353 971 1391 1018 tet
1412 961 1445 1016 rit
1470 959 1541 1015 uitio
1572 973 1619 1013 eno
1648 954 1731 1010 Deus.
1765 951 1801 1007 Et
1825 951 1875 1005 true

220 1053 359 1125 simplices
370 1052 425 1124 jam
440 1052 535 1109 irsude
556 1051 685 1109 mentiri?
698 1050 825 1119 Custodi,
850 1051 938 1122 inquit
958 1065 1023 1120 pro·
1073 1060 1245 1116 mammeam
1262 1067 1320 1126 est,
1336 1056 1551 1127 querimoniam
1570 1061 1693 1109 troarnen
1715 1046 1786 1102 dedit
1800 1045 1875 1101 nain

220 1147 303 1221 Phela
314 1145 402 1222 (M
417 1145 529 1218 ΧΧιΙΙΙ),
542 1145 657 1218 lindiam
667 1155 738 1201 ‘llam
749 1145 855 1213 atttalo,
866 1155 890 1201 ὅ
902 1144 971 1200 1⁰⁶5ss
977 1153 1023 1200 Μ
1073 1154 1155 1211 Deus.
1170 1153 1203 1208 Et
1213 1155 1268 1210 itoec
1281 1154 1334 1208 uita
1342 1153 1370 1206 in
1378 1153 1435 1225 ejas
1451 1146 1521 1204 Filio
1536 1154 1583 1202 est.
1602 1143 1654 1213 Qui
1666 1141 1741 1197 nolet
1754 1137 1873 1203 raum,

221 1259 255 1299 tte
268 1242 407 1315 loquuntur
428 1239 528 1296 dolum.
549 1239 676 1297 iiecedea
690 1240 776 1308 maio,
798 1247 825 1295 et
845 1242 888 1312 iae
907 1238 1021 1295 ionum:
1074 1247 1150 1305 nabet
1163 1247 1255 1302 uitam:
1268 1244 1312 1316 qui
1326 1240 1462 1298 nonhabet
1480 1238 1580 1295 Filium
1600 1234 1664 1303 Dei,
1679 1249 1731 1289 non
1749 1231 1822 1287 halet
1834 1229 1876 1284 si·

223 1350 309 1406 quiere
323 1348 421 1403 pacem,
436 1341 460 1388 et
475 1348 625 1405 persequere
634 1348 699 1387 eant.
715 1332 791 1388 Oculi
801 1330 907 1388 Domini
920 1331 954 1387 od
964 1335 1024 1407 jut-
1075 1351 1138 1397 rain,
1156 1340 1219 1396 titre
1230 1338 1313 1395 wuito
1334 1337 1426 1404 namt,
1441 1344 1470 1390 ut
1480 1333 1585 1401 sciatis,
1599 1329 1721 1400 quoniam
1734 1327 1812 1383 udum
1826 1325 1875 1379 its·

224 1433 276 1493 tos,
291 1433 315 1480 et
336 1440 411 1479 aures
425 1427 481 1498 ejus
499 1424 534 1480 ad
555 1423 693 1480 clamorem
717 1423 1025 1480 comministrantem
1075 1434 1163 1491 tritri,
1177 1431 1289 1505 (viriq,
1312 1430 1421 1501 inierit)
1442 1437 1584 1495 marnam,
1599 1424 1644 1494 qui
1656 1422 1761 1480 creditis
1779 1421 1808 1476 itt
1826 1436 1877 1475 tto·

223 1516 330 1573 Domini
343 1533 421 1588 super
433 1516 554 1588 iacientes
566 1517 647 1586 mula,
663 1527 691 1572 ttt
702 1517 793 1591 perdat
802 1518 834 1573 de
847 1526 916 1573 terra
927 1534 1024 1574 mento·
1075 1529 1143 1583 mine
1156 1525 1220 1582 Filii
1234 1525 1294 1583 [tet.
1310 1524 1345 1581 tit
1357 1525 1411 1581 irre
1429 1532 1465 1579 tet
1483 1521 1580 1589 piterio
1590 1560 1599 1588 ,
1611 1534 1690 1590 quam
1707 1516 1828 1571 tolenus
1840 1512 1877 1568 od

222 1609 290 1664 riam
300 1624 399 1665 dmm.
414 1608 449 1665 Et
461 1609 543 1681 paulo
558 1619 619 1681 post
634 1627 642 1664 ἓ
657 1608 804 1679 [nidificia
816 1611 926 1683 impium
949 1610 1025 1666 mdiu·
1075 1638 1150 1679 pum,-
1163 1621 1225 1695 quia
1237 1621 1413 1692 quodcumque
1429 1617 1577 1690 matrimi
1597 1611 1736 1670 pecundum
1756 1610 1877 1666 widm-

223 1703 277 1767 tto.
296 1711 320 1758 θ’
334 1702 447 1758 θᾶῐθῆῐθῧ
466 1703 563 1771 imm
587 1702 771 1773 mirabimur·
792 1702 847 1760 N⁰⁸
861 1718 1024 1775 (luminam
1077 1727 1126 1772 tem
1139 1713 1413 1787 ejut,andiet(Vqu.,
1428 1710 1512 1783 audit)
1522 1726 1579 1765 not.
1595 1705 1810 1776 Etscintus,quia
1826 1719 1878 1758 au·

224 1794 310 1851 inulta
322 1794 457 1866 patiamur
468 1810 484 1850 s
496 1794 751 1868 talibus‚ditiqamus
763 1811 821 1862 nos,
831 1795 968 1861 carissimi,
981 1795 1023 1851 in·
1038 1799 1113 1864 qu
1136 1823 1200 1875 nm,
1224 1806 1350 1877 quidquid
1365 1805 1522 1876 petierimus,
1545 1801 1648 1858 samur
1657 1798 1780 1870 ponium
1799 1793 1880 1850 tals

223 1886 313 1954 uicem,
328 1886 448 1958 quoniam
457 1886 552 1942 caritas
566 1902 597 1943 eu
607 1885 662 1942 Deo
671 1895 717 1944 est.
731 1886 765 1942 lit
779 1888 860 1944 omnis
875 1888 918 1959 qui
928 1885 1023 1960 diiiqit,

197 1999 203 2006 ·
224 1975 322 2033 ealieo
335 1988 411 2034 natue
425 1987 472 2045 est,
490 1987 515 2033 et
533 1979 661 2051 eoqnoscit
680 1976 774 2034 lieutn.
792 1979 843 2048 Qui
856 1995 907 2035 nort
921 1979 1022 2052 otttqtt,

225 2085 277 2126 nort
290 2069 359 2125 nouit
370 2068 466 2138 Deum,
478 2071 540 2141 quio
554 2068 623 2126 Deus
637 2071 732 2126 cantas
749 2082 796 2127 est.
820 2070 854 2127 In
876 2072 926 2127 irae
942 2088 1025 2143 appa·

223 2163 277 2218 ruit
290 2161 385 2218 caritas
394 2160 445 2217 Dei
459 2162 486 2217 in
499 2161 583 2230 nobis,
594 2163 716 2234 quereiam
732 2161 830 2218 Filium
848 2180 923 2219 suum
935 2163 1025 2235 uniqe-

222 2253 308 2309 nitunt
321 2252 391 2309 mitit
404 2252 475 2309 Deus
487 2254 514 2308 in
525 2253 658 2318 mundum,
678 2264 705 2309 ut
720 2255 835 2310 uiuamus
850 2271 895 2325 pcr
909 2271 976 2309 eum.
990 2253 1025 2310 tu

225 2346 275 2402 itoc
287 2355 325 2402 est
344 2346 457 2414 auritos,
474 2363 526 2401 non
539 2348 672 2418 quatinus
686 2347 852 2403 dilexerimus
867 2345 966 2412 lieutn,
980 2347 1025 2405 scd

224 2441 408 2513 quoniamipte
418 2440 509 2497 diieeit
519 2457 577 2508 nos,
592 2450 616 2497 et
626 2442 695 2497 misit
704 2440 801 2497 Filium
811 2457 887 2497 suum
899 2444 1024 2515 propitio·

223 2532 319 2589 tionem
333 2549 381 2604 pro
395 2533 504 2604 peccatis
519 2534 624 2588 nastris.
643 2532 789 2601 carissimi,
809 2535 832 2589 ti
853 2533 920 2590 Deus
935 2536 1026 2592 dilexit

224 2643 289 2698 nos,
309 2637 334 2685 et
348 2644 394 2684 nos
409 2628 527 2685 delemur
547 2629 698 2685 alterutrum
717 2629 835 2702 diliqere.
851 2629 934 2687 Deum
950 2647 1025 2688 tronto

215 2723 288 2779 'uidit
301 2741 423 2798 unquam.
437 2724 470 2783 Si
481 2726 620 2799 diliqumus
632 2726 751 2792 inuicem,
764 2724 835 2782 Deus
848 2728 875 2781 in
886 2726 958 2784 nolis
968 2744 1024 2782 trra·

223 2827 278 2887 net,
293 2828 316 2875 et
330 2820 424 2876 arian
433 2821 490 2893 ejus
504 2820 531 2875 in
545 2821 617 2875 nolis
631 2817 849 2892 personantia
863 2818 911 2875 ttoo
925 2819 1025 2875 inteili-

224 2914 320 2988 pintus,
331 2912 453 2984 quoniam
463 2912 491 2967 in
504 2928 533 2968 eo
547 2929 688 2976 munerato.
704 2922 729 2969 et
748 2913 844 2985 ipsein
857 2913 949 2983 nain,
962 2929 1026 2985 qno·

224 3005 297 3060 niam
310 3004 342 3060 de
353 3003 511 3072 Spiritusne
522 3003 682 3059 deditrmiis.
698 3003 732 3059 Et
745 3021 791 3061 nos
806 3005 926 3070 uidimus,
941 3014 966 3061 et
975 3016 1024 3062 tet·

223 3098 364 3167 tificomur,
377 3097 499 3168 quoniam
515 3095 593 3152 Pater
607 3097 676 3152 ntisit
689 3094 787 3152 Filium
804 3113 889 3163 snum,
902 3096 1024 3155 saturos

1076 1917 1133 1955 ntus
1146 1900 1290 1970 petitiones,
1304 1914 1368 1969 qaas
1382 1896 1541 1964 postulamur
1552 1895 1584 1950 alt
1594 1910 1635 1950 eo.
1649 1892 1702 1959 Qui
1713 1891 1762 1948 teit
1771 1890 1879 1962 fratrent

1076 2011 1152 2051 suurn
1165 2009 1271 2065 peceare
1285 2001 1418 2064 peccatum
1431 2007 1484 2046 nort
1494 1989 1529 2043 od
1542 1998 1667 2052 mortem,
1689 1994 1761 2057 petat
1781 1992 1806 2040 et
1831 1982 1879 2036 do·

1076 2085 1145 2141 bitur
1155 2086 1178 2141 ei
1189 2085 1241 2140 rita
1257 2065 1371 2155 premoti
1386 2099 1438 2137 non
1450 2081 1485 2137 ad
1500 2089 1617 2135 mortem.
1630 2077 1677 2133 Est
1689 2086 1824 2149 pecemm
1844 2074 1881 2128 od

1076 2188 1182 2233 mortem
1196 2194 1206 2245 ,·
1219 2193 1269 2232 narr
1282 2193 1330 2247 pro
1342 2176 1388 2232 iilo
1396 2176 1466 2243 dieo,
1479 2184 1507 2228 ut
1518 2184 1588 2245 roqtt
1598 2172 1665 2246 qais.
1678 2171 1770 2227 Omnis
1782 2169 1881 2240 iniqui·

1076 2281 1116 2328 tas
1127 2282 1259 2344 peceatum
1273 2280 1319 2338 ott,
1337 2280 1361 2326 et
1373 2279 1410 2326 est
1431 2279 1564 2341 peecatum
1577 2267 1613 2323 ad
1632 2276 1751 2323 mortem.
1774 2264 1881 2322 Scimus

1077 2367 1137 2436 quia
1151 2367 1233 2422 omnis
1247 2366 1292 2437 qui
1305 2373 1426 2420 natusest
1435 2379 1468 2420 ee
1480 2361 1548 2430 1ieo,
1563 2378 1614 2417 non
1628 2369 1734 2433 peceat:
1746 2359 1790 2414 ted
1801 2372 1880 2429 qene-

1075 2463 1143 2519 ratio
1158 2461 1208 2517 liei
1226 2469 1359 2516 contonat
1372 2475 1440 2525 eunt,
1455 2467 1478 2514 et
1490 2457 1620 2529 maliqnus
1635 2472 1688 2510 non
1709 2453 1792 2525 tanqit
1810 2466 1881 2506 eust.

1077 2553 1180 2611 Scimus
1192 2556 1273 2618 enim,
1286 2553 1408 2625 quatiant
1422 2567 1454 2606 ts
1469 2549 1522 2605 lieo
1529 2565 1629 2612 santus,
1650 2545 1799 2602 otmundus
1813 2554 1884 2599 totus

1075 2646 1102 2701 in
1112 2647 1225 2717 ntalipno
1241 2644 1340 2714 positus
1350 2653 1397 2698 eet.
1426 2641 1568 2697 discimus
1590 2638 1711 2711 quonium
1730 2636 1818 2692 fitius
1831 2632 1884 2690 tta·

1076 2744 1154 2803 uenit,
1169 2748 1191 2791 rt
1204 2735 1359 2791 destituatis
1372 2750 1486 2802 sensum,
1498 2743 1528 2789 ut
1539 2747 1724 2806 ooqnotcuotus
1741 2728 1828 2785 Deum
1841 2742 1885 2782 se·

1076 2846 1144 2896 runt,
1157 2839 1182 2884 et
1194 2830 1274 2883 tintus
1286 2828 1315 2882 itt
1325 2843 1382 2882 uera
1394 2824 1464 2882 Filio
1476 2826 1543 2897 ejus.
1567 2825 1617 2880 ttte
1635 2832 1671 2879 est
1682 2838 1758 2879 otrus
1774 2820 1846 2876 Deus
1858 2828 1884 2874 et

1075 2924 1127 2978 uita
1137 2934 1232 2978 esterna
1243 2923 1252 2993 t
1263 2920 1277 2975 t
1288 2918 1369 2975 ioan.
1382 2936 1407 2975 tu
1419 2929 1444 2974 et
1459 2918 1502 2991 r).
1518 2918 1631 2990 Propter
1651 2918 1721 2974 nula
1743 2934 1792 2973 sua
1807 2915 1885 2972 nutui

1076 3025 1190 3089 potentes
1205 3014 1321 3084 oppressi
1342 3020 1401 3067 sunt
1424 3011 1508 3076 valde,
1524 3019 1547 3066 et
1561 3010 1668 3082 qlorioui
1678 3009 1767 3064 traditi
1781 3017 1840 3063 tunt
1855 3008 1885 3063 itt

1077 3122 1169 3160 titanus
1185 3104 1335 3160 alterorum.
1354 3102 1500 3158 Benedictio
1525 3113 1610 3157 antem
1626 3101 1716 3168 ¹lieiitt
1741 3100 1885 3157 mercedem

223 3206 279 3245 rem
294 3187 393 3244 mundi.
409 3187 531 3257 Quisquis
541 3191 673 3259 carisomus
681 3189 758 3261 suerit
770 3189 891 3258 quautam
900 3186 977 3245 tetur
987 3200 1024 3247 est
1038 3182 1062 3245 C
1072 3198 1263 3270 justissimum,
1279 3207 1304 3254 et
1317 3196 1345 3250 in
1359 3196 1456 3251 tranare
1467 3193 1576 3268 (iniq,
1590 3192 1667 3264 itero)
1684 3193 1764 3249 otiosi
1775 3210 1884 3265 moces

224 3278 313 3338 fflltti
330 3279 392 3346 Μ,
410 3278 478 3334 ⁰²⁸⁸
492 3279 519 3334 in
537 3294 568 3335 θ’)
581 3289 674 3346 utanet,
690 3289 715 3335 θ(
735 3281 790 3350 fiii
806 3281 833 3334 ¹¹¹⁸
852 3279 918 3336 ⁰²⁰·
932 3280 967 3335 El
977 3298 1026 3338 ”⁰⁸
1077 3310 1121 3349 sus
1130 3293 1201 3347 illius
1212 3292 1364 3361 fruetificat.
1374 3288 1469 3345 Beatus
1484 3289 1533 3357 tir,
1542 3289 1585 3360 qni
1597 3304 1650 3343 tran
1661 3299 1698 3343 est
1707 3289 1798 3356 lapsus
1808 3287 1885 3342 serio

224 3370 393 3443 “inmittite
409 3378 433 3426 0⁸
452 3370 578 3427 ‘lidimltt
595 3372 706 3437 ueritati,
724 3387 801 3442 illm
821 3371 895 3427 'libel
916 3371 986 3429 Dm
999 3374 1026 3429 5²1
1077 3400 1110 3440 cu
1121 3399 1231 3450 aresuo,
1247 3393 1271 3437 et
1278 3399 1329 3438 non
1343 3393 1378 3439 est
1392 3379 1537 3437 stimulatus
1550 3382 1577 3437 irt
1591 3381 1695 3435 tristitia
1707 3380 1794 3435 delicti
1810 3378 1883 3451 (lie-

224 3461 310 3518 ttolis.
325 3461 396 3517 titus
409 3463 550 3518 caritatest
562 3480 571 3518 :
584 3473 606 3517 et
617 3464 661 3535 qui
671 3464 789 3519 ntanetin
801 3466 918 3534 caritate,
931 3466 958 3520 in
971 3465 1026 3522 Deo
1077 3478 1121 3533 cit,
1150 3493 1178 3533 χι
1198 3487 1223 3532 tt
1244 3477 1316 3544 xiv),
1339 3475 1451 3543 Scitote,
1469 3474 1640 3541 charissimi,
1665 3488 1715 3545 pro
1729 3488 1762 3529 es
1782 3472 1884 3543 pietste

224 3563 322 3623 nranet,
335 3564 358 3609 et
374 3552 445 3611 Dens
459 3555 485 3610 in
499 3571 539 3611 eo.
555 3555 589 3610 iu
600 3556 648 3612 itoe
661 3560 775 3629 perfectu
789 3567 826 3613 est
837 3559 932 3614 caritas
941 3559 1027 3615 nolit·
1079 3568 1132 3643 (s,
1148 3568 1212 3637 Leo,
1225 3585 1267 3641 tp.
1281 3566 1340 3641 46),
1356 3583 1416 3639 qun
1429 3567 1507 3624 vatris
1519 3566 1566 3622 Dei
1577 3565 1685 3622 tantalis
1699 3562 1884 3636 impendenda

225 3662 300 3713 vtem,
322 3656 351 3701 «ἰ
370 3647 492 3715 fidutiam
513 3647 651 3704 habeamus
665 3649 692 3703 in
705 3650 746 3705 oie
759 3650 854 3723 judicii
863 3668 873 3707 .·
887 3653 953 3722 quio
961 3654 1027 3709 sicat
1078 3670 1130 3728 est,
1142 3675 1237 3716 ornnes
1251 3660 1438 3732 suggestiones
1447 3667 1551 3716 uestras
1561 3657 1624 3716 ssdei
1632 3657 1775 3716 catholica
1786 3655 1883 3728 proia-

224 3737 271 3794 ilie
281 3746 329 3806 est,
342 3747 367 3794 et
381 3755 428 3796 not
441 3756 530 3796 tunsus
552 3742 578 3796 in
592 3742 640 3796 troc
654 3742 760 3796 nrutrdo.
775 3742 862 3799 timor
875 3761 926 3801 nort
949 3753 987 3802 est
999 3745 1027 3800 in
1079 3759 1164 3819 taras,
1180 3767 1224 3808 me
1236 3751 1378 3823 dignanter
1389 3750 1551 3821 suscepisse,
1574 3759 1605 3806 ut
1629 3751 1750 3821 ipsarum
1773 3764 1884 3821 quaque

226 3830 344 3899 ‘Miller
357 3830 402 3886 ‘td
412 3835 525 3904 vetlem
539 3835 634 3890 wiltu
649 3837 721 3907 ivm
735 3835 813 3890 ntittit
827 3836 953 3903 timorem.
967 3839 1028 3910 qnia
1079 3861 1162 3917 opera
1181 3855 1210 3900 et
1235 3860 1287 3916 pax
1311 3845 1459 3902 ottristianu
1485 3843 1617 3915 reparari.
1632 3854 1660 3901 et
1676 3861 1756 3902 error
1783 3845 1883 3916 impias

224 3923 304 3978 timor
314 3938 416 3996 ttoetwm
426 3924 509 3981 Mlti·
522 3926 573 3992 Qui
585 3936 671 3981 aliem
684 3929 771 3996 timet,
786 3946 837 3985 '¹⁰²¹
854 3940 891 3987 eet
900 3934 1028 4004 perfectus
1079 3941 1165 4011 possit
1177 3940 1289 3998 aboleri.
1302 3941 1336 3998 tit
1348 3941 1371 3997 si
1385 3940 1501 4012 amplias
1514 3940 1549 3998 de
1562 3941 1661 4000 tutibus
1679 3951 1727 3999 aut
1740 3942 1776 3999 do
1788 3941 1881 3999 1ιίεεί-

226 4014 255 4071 in
269 4015 402 4072 eduntote.
417 4015 475 4073 iios
486 4034 547 4091 erqo
560 4019 699 4091 ditiqamus
711 4020 806 4090 Denuo,
820 4024 942 4095 quoniam
956 4023 1027 4081 Deus
1078 4033 1190 4090 mitibus
1202 4034 1302 4105 aliquid
1316 4034 1396 4091 tuerit
1408 4033 1625 4102 deliberantium,
1639 4034 1769 4092 celeriter
1784 4034 1819 4090 sd
1831 4048 1879 4091 nos

226 4106 300 4179 prior
310 4106 401 4168 dilesit
410 4124 469 4168 not.
484 4109 581 4180 Siquis
591 4109 826 4185 distrit,quoniom
839 4115 921 4188 diliqo
932 4116 1026 4185 Deum,
1078 4125 1175 4182 relatio
1188 4126 1330 4196 dirigatur,
1342 4135 1371 4181 nt
1383 4135 1547 4197 pertractato
1562 4127 1692 4199 qualitate
1704 4126 1803 4184 horum
1817 4139 1880 4184 uos-

227 4207 252 4255 et
274 4201 382 4273 tratrem
392 4218 468 4257 tutti·
489 4203 590 4270 oderit,
607 4203 717 4260 ”letitiae
737 4216 783 4261 αἱ·
807 4206 859 4273 Qui
870 4218 956 4264 autem
975 4225 1028 4265 ott
1079 4229 1131 4288 tra,
1141 4220 1206 4292 qaid
1216 4220 1355 4278 observari
1364 4220 1473 4290 debeat,
1484 4219 1637 4278 sollicitudo
1646 4221 1805 4279 consutum.
1815 4221 1880 4277 lists

228 4292 314 4368 ditiqit
323 4294 431 4367 tratrem
442 4313 535 4367 suum,
555 4314 629 4370 quem
641 4298 727 4367 uidet,
740 4298 825 4356 ileum
837 4317 912 4372 quem
923 4319 974 4359 nort
989 4305 1027 4359 tti-
1079 4311 1244 4371 nikalendas
1254 4315 1372 4387 augusti,
1382 4313 1562 4372 Constantino
1572 4314 1804 4389 (ui.Constsatio)
1814 4329 1879 4372 oon·

227 4385 271 4441 det
288 4387 415 4457 quomodo
429 4398 510 4459 potest
527 4389 657 4461 diliqero?
675 4389 709 4445 Et
722 4392 770 4447 troc
780 4393 929 4449 mandatum
941 4409 959 4449 a
972 4394 1027 4451 Deo
1079 4404 1138 4461 tute
1153 4403 1202 4477 (ut.
1216 4403 1395 4478 Constante).

227 4476 349 4534 truleonts
361 4521 369 4549 ,
380 4492 408 4536 ut
417 4481 460 4551 qui
471 4481 555 4553 ditiqit
568 4481 671 4547 Deum,
687 4482 778 4556 driiqat
791 4493 814 4539 et
822 4486 929 4556 tratrem
938 4501 1022 4543 suum
1362 4495 1533 4555 Ettswts
1563 4496 1597 4566 tt,

229 4568 320 4626 lintris
331 4571 375 4643 qui
387 4572 484 4640 credit,
501 4574 622 4644 quonium
637 4573 713 4631 iesus
727 4587 764 4631 est
778 4577 894 4634 Christus
906 4619 914 4646 ,
925 4594 957 4635 ea
972 4575 1066 4637 Deol)
1237 4588 1348 4646 susem
1361 4604 1435 4646 onon
1455 4606 1490 4646 to
1503 4589 1651 4648 AEarrrtos
1665 4589 1718 4663 (l).

225 4670 363 4718 natusest.
381 4661 414 4716 Et
423 4664 506 4719 omnis
524 4666 569 4736 qui
588 4667 672 4738 diliqit
690 4685 748 4724 earn
761 4670 806 4742 qai
819 4673 905 4742 qenuit
919 4713 926 4740 ,
942 4674 1027 4746 diliqit
1079 4679 1119 4732 De
1132 4682 1254 4745 episcopis
1264 4682 1340 4732 rebus
1349 4682 1529 4747 suisspotiutis,
1540 4690 1584 4733 sut
1593 4696 1607 4732 a
1617 4683 1681 4734 sede
1693 4681 1782 4747 pulsis,
1794 4684 1841 4735 uisi
1851 4685 1876 4735 ia

228 4763 318 4811 eleum
329 4756 373 4826 qui
387 4764 462 4811 natus
478 4767 516 4811 est
528 4773 559 4812 ea
571 4775 610 4815 eo.
626 4758 660 4814 In
673 4760 722 4816 troc
733 4764 898 4835 coquatimus
912 4765 1024 4839 (vulp,
1109 4743 1629 4870 {gffdffgffirafftgffiffiffigffijffifffflae?
1642 4744 1877 4873 iefflfflsffiffi

227 4848 428 4923 rapueramus),
457 4852 584 4923 quoniam
611 4853 745 4927 diliqimus
773 4868 848 4912 natas
875 4856 939 4925 dei,
967 4876 1025 4915 curn
1110 4874 1159 4918 tar.

226 4936 478 5013 Deuntdiliqamus,
498 4954 522 4998 et
541 4945 730 5021 mundataeq'ut
753 4949 886 5019 iaciamus.
905 4950 969 5008 Hae
989 4965 1025 5010 est
1079 4948 1205 5007 Eusebius
1217 4950 1341 5008 Rvmtttoe
1359 4961 1383 5008 tl
1404 4951 1554 5023 teotiolt'toe
1581 4952 1706 5010 Effluit!
1730 4956 1875 5028 ‘timim

225 5032 294 5087 enim
313 5031 424 5089 citaritut
446 5034 496 5090 tter·
504 5078 512 5102 ,
536 5047 564 5092 at
588 5041 709 5095 rotundato
721 5042 776 5112 ejus
790 5045 973 5102 custodiamus.
989 5047 1025 5105 Et
1115 5042 1285 5099 dileetissimis
1306 5045 1333 5100 in
1347 5045 1470 5101 charitate
1484 5043 1580 5102 Citristi
1591 5048 1732 5118 amenas,
1743 5048 1875 5104 rmntios

226 5124 417 5195 mandatarius
430 5128 519 5198 pruma
537 5146 589 5185 nan
605 5141 681 5187 tunt:
694 5135 843 5204 quiaotrtne
860 5138 1027 5208 quodnatutn
1116 5134 1215 5205 sistito
1247 5138 1369 5191 contexit
1403 5137 1545 5207 iratribus,
1568 5155 1614 5208 tm
1643 5138 1829 5194 Alexandri&
1851 5146 1876 5194 tl

226 5222 308 5269 estes
322 5211 377 5304 ileo
393 5216 471 5273 uitreit
487 5221 622 5278 mundant.
637 5221 671 5279 Et
689 5223 744 5280 inre
767 5236 803 5280 est
823 5228 949 5297 uictoria,
968 5246 1027 5301 quio
1115 5222 1262 5296 AEqqptnnt
1278 5227 1388 5283 Domino
1405 5227 1584 5298 ”illumilium
1599 5239 1624 5285 0⁸
1635 5242 1731 5287 ΝΜ
1743 5232 1823 5303 Metti
1839 5240 1875 5288 lt·

224 5305 304 5361 uincit
322 5306 457 5377 mundum,
471 5311 535 5381 fidet
547 5326 646 5369 nostra.
668 5314 731 5383 Quis
743 5325 780 5370 est
797 5319 841 5388 qni
856 5320 933 5374 sineit
948 5336 1023 5377 mun·
1116 5319 1243 5387 nerttiluts,
1259 5320 1286 5375 in
1300 5319 1412 5376 Dumino
1426 5315 1546 5378 totunm.

225 5397 305 5467 dum,
321 5401 371 5456 nisi
380 5402 425 5472 qui
438 5404 519 5459 credit
529 5407 649 5476 quoniam
661 5406 738 5463 iesus
747 5418 785 5464 est
796 5410 867 5479 pilitus
884 5409 957 5465 ttett
974 5411 1024 5468 iiie
1111 5407 1264 5467 Bettetlictus
1279 5410 1349 5466 Deus
1362 5422 1385 5468 et
1401 5423 1473 5482 pater
1483 5412 1587 5469 Dotttt'm'
1597 5416 1678 5471 nostri
1691 5413 1756 5472 tero
1770 5414 1872 5483 ΕΜ,

223 5494 314 5561 estqui
327 5495 393 5550 uenit
406 5512 452 5568 per
466 5512 560 5568 aquam
574 5509 597 5554 et
613 5501 762 5572 sanquinem
775 5501 869 5570 ,ierat
883 5503 1019 5576 Christus,
1074 5511 1097 5555 et
1108 5500 1177 5558 Deus
1190 5503 1268 5560 totius
1278 5503 1469 5574 consolationis,
1484 5510 1528 5580 qui
1540 5510 1688 5565 consolatur
1697 5526 1744 5567 nas
1761 5512 1790 5566 itt
1806 5510 1871 5565 artri

224 5601 277 5640 stau
288 5587 316 5641 io
329 5605 396 5660 aqua
411 5590 494 5644 solunt
505 5630 514 5658 ‚
524 5592 570 5646 scd
582 5592 608 5647 in
620 5609 687 5663 aqua
700 5605 726 5651 et
737 5598 872 5669 sanquine.
887 5596 922 5653 tit
935 5598 1021 5671 Spiri-
1074 5596 1238 5654 tribulatione
1250 5608 1336 5655 nostra
1359 5611 1397 5664 ut,
1419 5603 1546 5668 possimus
1558 5612 1582 5657 et
1595 5602 1645 5674 ipsi
1669 5604 1799 5682 eonsolari
1816 5621 1866 5674 eos,

124 5689 152 5692 ⁴
222 5686 264 5731 tus
287 5682 384 5751 estqui
405 5682 565 5752 testificatur,
583 5685 704 5756 quoniam
722 5686 840 5743 cirrittnt
859 5699 896 5745 tet
915 5694 1018 5749 nerim.
1073 5689 1153 5759 quiin
1168 5691 1236 5745 orttni
1246 5707 1365 5762 pressura
1376 5702 1436 5748 sunt
1446 5694 1701 5762 pereslrortationem
1716 5696 1867 5769 quaesier-

244 5770 352 5826 *uoniam
376 5781 429 5829 tres
449 5783 510 5830 stent
530 5775 574 5846 qui
594 5776 766 5834 testimonium
789 5779 870 5850 tau,
892 5784 1017 5856 spiritns,
1104 5800 1142 5865 tt)
1159 5799 1618 5870 nutrimurrmatptusstexauortuos.
