4142 6184
181 260 235 320 753
548 264 651 324 NOTAE
665 266 697 322 tt
716 266 779 324 Llil.
802 267 845 324 dt.
860 266 1033 328 uourtutts
1050 270 1239 328 itiusmodi.
1260 272 1336 330 cnr.
1358 273 1454 332 xxvi.
1774 275 1828 338 iti

179 372 282 431 baluzii
296 373 426 443 editione,
439 391 519 448 quam
538 379 635 450 reliqui
658 390 748 450 postea
761 381 879 439 editores
892 384 977 440 secuti
992 387 1017 448 Λ
1030 393 1101 441 trum
1118 400 1232 442 numero
1244 385 1421 444 multitudinis
1445 389 1587 457 scripsisse
1602 391 1627 446 iu
1642 392 1826 450 antecedenti·

177 454 258 512 sunt,
281 447 410 516 colligere
423 458 474 503 est.
503 449 661 520 lielicimpie
686 468 751 507 saue
772 453 798 507 id
814 454 978 523 preteritum
1029 457 1091 520 bus,
1108 455 1189 512 Cn'its
1203 471 1286 513 motus
1301 460 1340 513 liic
1352 464 1455 532 suerriut
1469 463 1621 529 cnitsu,scd
1636 464 1762 534 singulari
1776 481 1826 521 nii-

177 516 307 572 secundm
327 519 375 573 iiii
392 521 535 575 etatis-tint
558 537 630 576 cure
652 539 704 579 nou
719 534 877 579 mutassent.
893 525 980 593 Quor·
1030 541 1116 592 mero,
1131 476 1211 598 ditius
1225 538 1308 583 motus
1320 531 1374 584 lircc
1387 532 1436 602 sitit
1449 547 1544 597 conse,
1555 542 1744 599 praestatcerie
1755 535 1824 592 duas

178 600 239 642 sum
255 589 341 654 enim,
356 605 416 645 cuni
427 593 457 646 τὸ
472 592 588 661 prosiluit
608 594 677 649 band
693 596 781 649 mimis
796 596 822 651 iii
837 610 886 650 usu
899 595 980 653 inerit
1029 612 1085 664 res,
1105 598 1232 667 equibus
1245 599 1353 666 seditio,
1367 617 1418 669 qim
1432 602 1467 658 dc
1480 604 1576 672 agitur,
1591 614 1651 660 nata
1666 615 1718 671 est,
1729 606 1825 663 eodem

177 658 250 728 apud
266 660 386 725 brunus,
400 676 479 730 qiizim
495 664 643 731 prosilivit?
656 665 756 730 Liuius,
771 664 840 721 libro
852 681 900 721 iiiii
913 666 979 723 Belli
1031 670 1143 740 precise
1156 679 1278 738 tempore
1292 672 1432 740 accidisse,
1445 675 1506 741 quia
1520 677 1555 729 ita
1572 677 1668 731 melius
1679 677 1754 744 quasi
1770 679 1827 731 uni·

178 728 275 785 Punici
291 748 299 783 :
318 750 327 782 i
347 733 478 787 lisdridial
493 734 612 790 elaiiiiire
626 736 746 805 equitum
764 737 931 792 excitatos...
945 754 978 795 eir
1028 754 1060 795 ea
1074 739 1153 796 iuerit
1164 755 1243 796 causa
1258 742 1328 796 illius
1343 753 1442 809 motus,
1456 760 1535 813 quam
1553 746 1575 801 si
1590 746 1706 801 dirersis
1720 758 1825 818 tempo·

178 800 354 856 tabernaculo
364 803 493 874 prosiluit.
510 825 519 857 ι
537 803 608 860 ld··in
622 805 686 861 alibi
706 826 712 860 :
728 826 738 858 i
754 806 978 878 Propeattonitus
1029 810 1104 866 ribus
1116 815 1265 868 evenerint.
1281 813 1370 880 Quare
1392 815 1428 867 ob
1451 814 1476 869 id
1492 831 1598 886 quoque
1619 818 1760 887 legendum
1774 834 1825 889 po·

176 872 311 927 miraculo
325 871 384 928 ilex
404 889 465 928 cum
481 890 495 927 a
517 877 581 931 sede
600 879 766 946 prosiluisset.
788 899 797 932 i
815 881 902 949 Atque
915 889 978 937 ante
1029 881 1082 937 tius
1094 897 1231 948 censeam,
1242 881 1341 939 Eodem
1355 894 1477 954 ternpore,
1489 893 1555 953 etc..
1567 902 1646 958 quein
1661 886 1760 945 Eodem
1773 892 1827 962 stre

176 941 254 998 illum
267 941 405 1015 Virgilius,
419 945 489 1002 libro
501 962 518 1001 r
531 946 661 1003 AEucidos
674 966 681 1001 :

371 1099 585 1116 ......
618 1066 707 1118 linibus
718 1081 818 1130 omues,

303 1122 373 1174 mou
385 1137 461 1187 mora,
475 1140 619 1178 ransitum
630 1131 689 1179 suis.

1029 961 1172 1080 uniiiiiiiii.
1195 1023 1235 1080 lta
1248 1040 1354 1096 quoquc
1374 1026 1460 1096 prima
1482 1026 1581 1084 uatum
1596 1029 1688 1084 editio.
1702 1028 1825 1098 deuio,

1028 1096 1106 1222 Ereti.
1123 1096 1191 1220 {ide
1202 1096 1312 1152 omuino
1325 1112 1385 1168 qum
1407 1098 1442 1154 de
1463 1113 1493 1154 ea
1507 1115 1537 1156 re
1551 1099 1728 1157 obsecrantur
1745 1117 1827 1173 snpra

1051 1182 1066 1221 0
1079 1184 1121 1222 tttn
1144 1184 1170 1222 o.

177 1228 347 1299 Quidiquod
357 1231 379 1287 si
380 1233 510 1357 AErotiioit
521 1235 807 1304 nequitissetscriari,
821 1237 976 1294 mittendum
1067 1236 1164 1293 Oratis
1186 1238 1335 1308 quiliitdcm
1352 1240 1494 1307 judicibus.
1518 1240 1668 1312 interqoos
1691 1243 1824 1300 lucilium

175 1301 271 1367 credo,
282 1303 370 1371 plotius

409 1304 476 1360 isset
489 1307 515 1360 iu
532 1306 651 1374 prosiliit,
661 1307 732 1377 quod
748 1309 815 1364 inira
829 1309 877 1365 tilii
887 1310 977 1380 capite
1028 1309 1162 1365 interfecit
1174 1312 1217 1367 τὸν
1226 1320 1272 1373 τῆς
1285 1312 1381 1374 πόλεως
1395 1309 1529 1389 ὕπαρχον.
1542 1312 1698 1369 Edil.0tton
1709 1323 1736 1369 ιι
1746 1313 1827 1369 Cant.

173 1372 223 1438 50,
232 1383 368 1439 occurret,
377 1390 456 1445 quain
464 1377 751 1449 inprotiliiit.Sed,iiti
760 1380 816 1449 jum
824 1380 890 1443 diti,
900 1392 976 1436 vete·

1029 1378 1112 1451 idque
1125 1382 1195 1450 qtiod
1209 1382 1320 1445 addunt,
1337 1398 1372 1437 ex
1385 1383 1505 1439 Zoziiiio.

173 1444 216 1499 ris
227 1444 391 1500 membrame
401 1445 481 1502 lectio
489 1448 570 1518 proba
578 1459 633 1514 cst;
647 1449 909 1521 liabititqiiererbum
916 1469 978 1520 pro·
1068 1451 1228 1516 Quibusdam
1238 1453 1380 1523 judicibus.
1395 1453 1504 1512 ludices
1519 1454 1546 1509 lii
1559 1469 1612 1510 non
1631 1464 1709 1511 eraut
1719 1456 1828 1512 ordina-

171 1515 235 1569 st‘lr‘o
244 1515 295 1570 tria
308 1515 388 1571 simul
400 1521 545 1587 preterita,
555 1520 673 1588 prosilui,
686 1523 810 1590 protiliri,
824 1531 851 1592 et
865 1523 974 1593 prosilii.

171 1584 277 1641 Confer
289 1585 401 1642 dicenda
416 1589 550 1658 capitibus
563 1591 599 1647 ed
613 1602 639 1645 ιι
650 1590 695 1646 te.

209 1657 976 1724 Aitocrcptiritcte.ldest,aliboctributo,sillaucroixii

166 1728 330 1784 versionem
345 1729 398 1801 (ι),
410 1732 451 1786 ιιι
464 1736 498 1786 aii
512 1732 562 1788 liae
574 1731 733 1799 indictione,
751 1735 775 1789 si
787 1733 920 1804 anglicam
933 1736 976 1806 (2)

166 1800 254 1867 sequi
265 1799 439 1856 uoluerimus.
453 1801 546 1869 Neque
560 1815 634 1860 certe
648 1805 811 1874 negandum,
825 1808 888 1876 quin
904 1810 974 1875 apud

1028 1522 1062 1578 rii
1075 1531 1101 1578 et
1122 1524 1227 1588 ciuiles,
1249 1523 1297 1580 scd
1322 1525 1462 1581 domestici
1479 1527 1628 1595 principum
1640 1537 1668 1583 ιι
1686 1526 1829 1594 militares,

1027 1593 1063 1647 tle
1075 1594 1172 1662 quibus
1184 1609 1265 1662 supra
1280 1596 1368 1664 capite
1377 1597 1422 1651 22.
1440 1595 1565 1652 «ludices
1578 1599 1718 1661 militares,
1736 1599 1827 1653 liuma-

1027 1663 1118 1718 nitatis
1134 1663 1281 1720 litteramm
1302 1665 1392 1734 rudes,
1406 1667 1464 1723 sine
1476 1668 1669 1734 assessoribus,
1679 1670 1705 1723 ln
1721 1669 1830 1737 provin·

1027 1734 1084 1790 cias
1098 1736 1184 1789 missi.
1200 1754 1209 1787 i
1226 1734 1270 1789 Fit
1281 1746 1308 1791 ct
1323 1739 1478 1794 coronidem
1496 1739 1605 1804 mentio,
1619 1754 1679 1809 cap.
1697 1754 1761 1805 trit,
1781 1740 1827 1794 nbi

1029 1806 1065 1860 de
1075 1806 1168 1860 morbo
1182 1808 1270 1877 :igitur
1284 1809 1451 1864 diocletiani.
1468 1809 1596 1865 Tettius.

166 1870 311 1926 undecimi
327 1882 354 1925 et
365 1871 516 1929 duodecimi
530 1876 623 1930 saeculi
636 1877 793 1946 scriptores,
808 1879 940 1943 capitionts
950 1888 977 1934 ιι
1067 1874 1180 1942 Qiittssl
1192 1877 1826 1950 “incidim-¹1¹esi·isslflill'sslillleiiilltfflffiti,

163 1952 292 2011 captare
306 1943 367 1998 talia
383 1944 534 2015 indigiient.
558 1946 611 2002 Sed
634 1960 730 2015 preter
748 1964 827 2017 quam
841 1950 912 2018 qnod
935 1952 976 2004 lim

164 2027 257 2068 voces
269 2014 354 2069 :etatis
366 2012 463 2070 inlitum
475 2026 548 2082 situi,
563 2017 690 2073 differunt
700 2019 780 2074 etiarn
796 2019 940 2087 plurimum
960 2036 975 2076 a

163 2085 307 2139 vocabolo
323 2086 485 2155 captiuitatis.
501 2091 589 2154 Quare
604 2104 675 2144 nnuc
692 2087 800 2160 quidem
816 2089 895 2162 longe
908 2105 977 2161 prae-

164 2155 286 2221 stiterit,
302 2170 363 2211 mco
373 2157 486 2225 jndicio,
500 2174 550 2231 per
569 2161 750 2232 captiuitatem.
764 2161 928 2229 captivitatis
939 2163 977 2218 si·

163 2241 258 2296 gnum
275 2226 314 2281 rel
330 2236 419 2283 notam
444 2230 604 2300 intelligere.
621 2231 678 2286 Non
694 2231 764 2301 quod
781 2246 875 2289 reuera
892 2236 976 2302 capti-

163 2312 227 2352 vus
239 2307 308 2353 esset
319 2300 432 2368 populus
444 2302 590 2363 llomamis,
599 2302 646 2356 scd
657 2304 728 2374 quod
737 2312 767 2358 ut
775 2306 896 2370 captiuus
907 2317 976 2361 trae-

165 2378 282 2424 taretur
295 2384 310 2423 a
324 2370 443 2437 Galerio,
459 2381 551 2428 noster
565 2388 662 2442 snpra,
676 2375 764 2444 capite
775 2373 821 2439 25,
833 2375 867 2430 de
882 2375 975 2430 iisdem

162 2440 319 2508 censibus,
333 2451 413 2511 atque
428 2455 521 2513 operte
542 2459 604 2514 qum
625 2459 695 2498 niuic
707 2445 741 2499 de
757 2444 835 2511 buius
849 2446 899 2501 loci
915 2460 977 2502 sen-

164 2511 260 2566 tentia
274 2510 409 2577 dicimus,
431 2513 457 2566 iu
482 2525 651 2569 antecessum
676 2517 786 2570 iirmaos
802 2533 835 2569 :t
860 2516 975 2584 Census,

163 2583 227 2646 ait,
237 2581 264 2636 in
279 2582 430 2651 prouincias
442 2595 468 2640 et
480 2587 603 2640 civitates
614 2587 697 2641 semel
713 2588 822 2650 missus,
834 2588 977 2643 censitori-

164 2651 228 2709 lms
243 2655 339 2724 ubique
359 2653 464 2710 diffusis
479 2668 506 2711 et
527 2656 619 2712 onmia
638 2657 855 2726 exagitantibus,
870 2657 977 2715 liostilis

165 2724 308 2780 tumultus
335 2733 363 2780 et
386 2728 549 2792 capitiiiatts
573 2728 714 2782 torrenda
728 2729 833 2797 species
855 2741 942 2783 erant.
963 2748 974 2782 i

164 2794 267 2851 Possit
290 2805 396 2860 autem,
410 2797 473 2852 siin
489 2798 565 2860 istis,
584 2816 593 2850 t
612 2800 645 2853 ad
660 2798 728 2853 banc
748 2814 831 2869 usque
845 2799 978 2869 prosiliuit

166 2867 321 2932 insaniam,
337 2877 365 2921 ut
379 2869 414 2922 ab
426 2869 477 2924 liae
490 2871 645 2938 captivitate
670 2887 702 2924 ue
721 2875 845 2939 popilium
868 2871 975 2940 quidem

166 2937 328 2993 Romanum
343 2938 400 2993 sieri
413 2941 493 2994 rellet
506 2941 668 3006 immunem,
685 2960 694 2993 ι
707 2943 888 3010 captivitatem
904 2952 977 2998 recte

167 3008 213 3064 de
225 3024 255 3063 ca
277 3010 386 3065 tiritatis
404 3020 466 3066 nota
480 3012 521 3066 rel
535 3013 611 3081 siquo
629 3012 787 3079 accipimus,
803 3013 902 3083 aliquid
914 3013 977 3068 inde

169 3024 319 3136 lucisioco
345 3078 419 3136 Pauli
447 3082 481 3138 ad
504 3082 660 3137 Corinthios
682 3081 821 3140 accedere.
839 3084 883 3140 ulii
898 3086 977 3155 volgo

1028 1949 1072 2018 qiii'
1080 1950 1138 2019 juni
1153 1959 1242 2002 contro
1267 1945 1398 2004 Galerium
1422 1953 1489 2006 mule
1515 1952 1643 2006 cniiiinmr
1657 1962 1726 2017 erut3
1742 1962 1770 2007 ιι
1782 1968 1827 2006 ιιι-

1027 2020 1147 2072 curidum
1158 2019 1309 2074 versionem
1328 2021 1471 2091 anglicam,
1488 2023 1532 2090 qui
1544 2034 1599 2078 erat
1611 2023 1686 2078 uelde
1700 2026 1825 2078 irritetur.

1028 2088 1085 2158 Ego
1100 2104 1165 2143 rein
1179 2089 1315 2159 explicare
1339 2094 1441 2157 malim,
1451 2109 1525 2162 quent
1548 2110 1577 2149 to
1592 2096 1649 2166 ipio
1662 2104 1775 2164 tempore
1786 2095 1827 2147 ui·

1028 2160 1089 2214 dere
1115 2172 1169 2214 ertit
1192 2163 1346 2216 corieittitutrt
1378 2165 1514 2235 tutiorque
1536 2164 1688 2234 furientem
1711 2164 1746 2218 oli
1767 2164 1827 2218 illos

1028 2246 1128 2300 nempe
1151 2231 1317 2297 derisitores,
1333 2247 1401 2303 quos
1414 2236 1556 2290 audiuerat
1575 2235 1705 2300 ordinari,
1721 2242 1750 2288 ιιι
1773 2233 1828 2289 Ro-

1028 2316 1100 2356 mani
1121 2301 1196 2356 missi
1218 2301 1405 2360 describerent
1427 2306 1543 2374 plebem.
1559 2306 1670 2372 Gallice,
1686 2305 1827 2375 loquendi-

1028 2373 1174 2443 quemodo
1190 2387 1242 2428 uon
1258 2374 1346 2428 miuus
1361 2375 1470 2445 proprio
1482 2394 1562 2447 quum
1577 2378 1662 2442 breui,
1677 2378 1788 2433 oculere.

1065 2442 1227 2497 discentium
1248 2460 1390 2516 purpuram
1413 2448 1559 2502 indueram.
1574 2448 1740 2503 Emendasse
1754 2448 1829 2503 ride·

1029 2520 1084 2576 tur,
1098 2512 1258 2569 Maxentium
1273 2531 1388 2584 purpura
1400 2517 1548 2572 induerunt.
1564 2517 1683 2574 Gttette.

1064 2582 1192 2638 Turbatus
1205 2595 1252 2649 err,
1266 2596 1319 2641 etc.
1333 2584 1455 2642 Galerius
1469 2605 1578 2656 nempe,
1590 2591 1736 2646 secundum
1751 2586 1827 2642 liau-

1028 2654 1172 2709 croiiiium.
1188 2654 1365 2712 Maximianus
1375 2659 1642 2722 scilicet,secundiirn
1655 2660 1826 2714 tralationem

1028 2725 1172 2792 aiiqlicam.
1187 2726 1336 2797 Utrumque
1349 2728 1486 2799 conjiriiqit
1498 2731 1594 2786 merito
1607 2730 1741 2785 Betucius.

1066 2794 1123 2851 Nec
1135 2807 1217 2851 tomen
1230 2797 1336 2852 ninriitni
1350 2800 1461 2854 territus.
1488 2800 1601 2856 Locutio
1628 2803 1667 2856 sic
1684 2803 1751 2855 satis
1777 2816 1828 2856 no·

1029 2867 1127 2933 unda,
1147 2867 1195 2924 sed
1209 2869 1285 2938 cujus
1301 2869 1353 2924 iim
1371 2870 1460 2925 iorsan
1475 2872 1541 2926 nulli
1554 2873 1651 2928 melius
1668 2871 1747 2927 liodie
1762 2886 1826 2927 sen·

1028 2938 1123 3001 scriut,
1140 2954 1219 3009 quam
1240 2939 1320 3005 Galli,
1336 2941 1434 3011 quibus
1453 2942 1528 3012 (etsi,
1544 2946 1616 3013 quod
1643 2946 1734 3009 miror,
1748 2943 1829 2997 aliter

1030 3011 1143 3066 uerterit
1164 3009 1366 3081 liziucroixius),
1382 3011 1620 3068 iamiliarissirmini
1646 3026 1689 3068 cst
1715 3012 1826 3069 totidem

1030 3081 1119 3136 verbis
1133 3082 1234 3144 dicere,
1249 3091 1272 3135 et
1284 3085 1404 3154 toutefois
1413 3101 1461 3154 por
1473 3095 1530 3155 trop
1542 3084 1693 3153 dpounnntd.
1704 3082 1827 3154 Usurpa·

167 3151 338 3222 interpretes
364 3155 480 3218 ιξιυσῑαι
503 3168 550 3222 pro
577 3154 716 3222 potestatis
742 3153 840 3210 iiidiciq
860 3155 1330 3229 sirmqn1,(jtuusautemproprie,
1350 3155 1457 3222 quundn
1468 3159 1539 3225 quis,
1556 3157 1592 3211 uti
1612 3156 1828 3235 menteomni·

168 3222 550 3297 Commaest,'0qrdniipuni
562 3223 859 3297 ἐξιυσίαιέχιινιπιτῆς
869 3228 978 3302 κεφαλῆς
1034 3230 1075 3278 ιιι
1089 3225 1221 3286 turbatur,
1239 3239 1288 3279 nec
1314 3227 1422 3296 ineptus
1441 3225 1564 3282 redditur
1578 3228 1685 3282 animos
1698 3224 1827 3296 addispi·

190 3308 200 3348 r
221 3292 280 3347 sor.
293 3310 331 3360 xi,
346 3294 389 3350 tu.

172 3294 187 3367 (
219 3363 313 3419 Eodem
327 3368 381 3441 [ere
393 3296 506 3434 iemporc
518 3375 602 3422 costra
616 3382 716 3438 quoque
730 3368 879 3423 sustulerat.
888 3367 977 3424 Locus

169 3437 255 3492 varie
269 3450 394 3507 acceptos
409 3438 532 3494 edoctis.

216 3506 244 3562 ld
254 3518 306 3571 est,
323 3525 455 3563 tremerem
465 3509 797 3581 militumprtetoriunnritm
807 3508 976 3564 rcldeimmt'·

170 3587 281 3633 mot.
291 3578 446 3635 liaucroixii
456 3581 557 3642 versio,
572 3581 649 3650 cujus
662 3582 743 3636 teriia
757 3593 838 3635 sumt
850 3579 978 3636 Eniirtme

171 3651 293 3720 tempsit
306 3653 373 3705 croit
388 3652 566 3707 mtremeiucirt
587 3651 687 3718 adoidli
699 3652 723 3706 le
742 3652 846 3706 uomdrc
859 3652 904 3706 des
925 3651 977 3706 rol-

172 3721 237 3776 dats
250 3723 403 3793 preteriens.

1029 3294 1155 3349 ciendum
1182 3293 1245 3364 quid
1267 3309 1335 3365 opus
1349 3300 1385 3350 sit
1398 3296 1477 3352 lacto.
1494 3297 1636 3366 Similique
1654 3298 1759 3354 dicendi
1780 3313 1828 3368 qe-

1029 3378 1095 3421 nere
1109 3372 1201 3420 noster
1213 3363 1292 3432 inira,
1307 3367 1447 3437 capiteld,
1461 3384 1512 3423 non
1525 3370 1728 3441 nimirilupurtoe
1739 3369 1827 3439 proci·

1028 3451 1093 3490 mii:
1109 3435 1154 3490 nbi
1170 3434 1231 3490 tide
1247 3448 1333 3492 uotas.

1065 3504 1215 3560 Hominem.
1231 3505 1284 3562 Pro
1297 3522 1351 3578 quo
1362 3507 1522 3564 tricenium
1536 3512 1561 3564 iit
1576 3525 1624 3566 sua
1640 3512 1765 3566 tersione
1780 3526 1828 3581 pii-

1028 3576 1081 3631 suit
1097 3578 1283 3632 commentarii
1300 3580 1358 3634 rice
1372 3578 1560 3636 blaucroixius.

1064 3646 1098 3700 Ει
1109 3656 1160 3700 tres
1170 3644 1283 3702 Cereres
1294 3648 1439 3716 [armenon
1453 3660 1559 3719 poterut.
1574 3650 1661 3716 idest,
1676 3659 1704 3705 ιι
1715 3659 1829 3721 prseter-

1027 3732 1059 3772 ea
1083 3718 1262 3774 Constantino
1283 3719 1480 3788 llaximiooque
1507 3721 1590 3788 baia,
1610 3736 1678 3790 quos
1698 3721 1753 3789 iam
1773 3736 1829 3776 atti-

219 3792 275 3847 iloc
294 3803 351 3855 est,
367 3793 464 3863 aliquot
490 3793 622 3864 prioileqia
647 3794 809 3865 pretorianis
831 3794 977 3850 conectitur
1027 3788 1088 3856 bos,
1112 3789 1175 3844 licet
1188 3788 1368 3845 diversissima
1384 3799 1485 3870 mente,
1499 3787 1630 3848 'denies
1645 3790 1756 3857 iecerat,
1774 3803 1829 3848 ter·

174 3863 321 3918 ademerm.
339 3864 458 3920 Tratatio
471 3867 592 3935 anglica,
619 3875 649 3919 ot
671 3880 706 3922 ex
734 3865 776 3919 liis
800 3875 891 3934 patet:
910 3884 919 3916 t
938 3866 978 3921 ile
1029 3861 1112 3924 tiuiu;
1126 3861 1272 3915 erelieiido
1284 3874 1360 3915 extra
1376 3860 1498 3916 ordinem
1512 3861 1675 3919 Maxentium
1699 3862 1733 3918 ad
1756 3864 1828 3934 ejus·

176 3933 235 3990 lind
247 3934 305 3990 also
317 3944 345 3990 at
356 3935 401 3991 tlte
410 3950 485 3990 same
499 3948 564 3991 time
579 3936 657 3990 matie
671 3950 704 3990 ap
718 3943 831 4007 attempt
843 3951 914 4005 upon
932 3951 977 3992 sn-
1027 3932 1089 3986 dem
1102 3929 1233 3986 Caesateae
1247 3931 1386 4002 dignitatis
1399 3932 1522 4002 apicem,
1536 3933 1637 3989 addere
1652 3950 1704 3990 iton
1720 3934 1826 3990 sinebat

177 4005 268 4062 metii
285 4009 330 4063 tire
344 4007 504 4077 priviledges
516 4007 547 4061 oi
564 4010 609 4062 ιιιι
622 4007 757 4074 preterini
774 4007 867 4061 bauds.
884 4025 893 4058 i
1027 4002 1180 4071 dispositio,
1193 4001 1228 4058 de
1253 4019 1306 4074 qua
1322 4003 1468 4075 loquuntur
1482 4020 1562 4075 supro
1586 4005 1713 4062 Baliiaius
1725 4013 1753 4059 ct
1774 4004 1828 4061 Cu-

219 4077 978 4149 sineterra.ltaltionramisterat.Gii.-t;oiirc...prc-
1029 4087 1120 4143 uerus.
1630 4147 1636 4159 ⁹

178 4149 250 4205 toria
262 4157 409 4205 sustulerat.
426 4147 515 4205 idest.
527 4165 559 4203 es
578 4161 660 4218 pirric.
676 4149 770 4217 Neque
784 4151 855 4204 enini
872 4164 918 4203 eos
932 4164 979 4213 pe-
1065 4144 1152 4200 Semel
1167 4145 1257 4217 seciae
1267 4146 1337 4227 quod
1348 4147 1436 4201 noluit.
1451 4146 1565 4215 Quando
1578 4144 1826 4230 scilicetceristan·

178 4221 256 4275 tritus
265 4220 394 4276 dicendus
406 4222 548 4275 sustulisse
561 4237 574 4272 a
591 4222 687 4289 quilius
699 4222 784 4275 lactus
797 4229 838 4275 est
859 4221 976 4289 impera-
1029 4215 1113 4270 tinum
1129 4214 1255 4272 Goercreni
1275 4218 1340 4273 iecit
1362 4218 1461 4273 inritus
1476 4235 1483 4272 ε
1498 4233 1559 4288 qum
1573 4218 1727 4273 llaucrotxii
1742 4226 1840 4274 inter-.

183 4300 238 4346 tor.
253 4291 393 4360 Siquidem
407 4292 554 4346 secuudum
573 4290 721 4356 zozimum,
738 4291 893 4367 repostoriam
910 4292 979 4352 ὑπη-
1030 4287 1155 4357 prelatio.
1309 4358 1342 4370 ..
1454 4357 1460 4369 ι
1537 4359 1543 4371 .
1743 4358 1749 4370 ι

180 4364 261 4439 ρέτας
279 4371 326 4423 ric
341 4365 517 4437 ἐγχιιοήσιως
528 4361 575 4424 οὓς
589 4363 926 4440 Πραιτωριωιιὺςνιλιῦσιν,
942 4367 979 4426 εἰς
1067 4358 1243 4439 liortuiurcd
1263 4358 1438 4439 recipiendum
1451 4374 1597 4425 rutpertum.
1611 4358 1698 4441 'Situm
1712 4359 1826 4415 sedicet.

179 4434 226 4489 τὸν
238 4435 366 4506 parom
379 4419 466 4512 ipisci
477 4438 550 4510 rapit
564 4438 662 4489 reiron
674 4434 839 4496 emersisti,
855 4434 978 4507 propitiare
1029 4427 1080 4482 Est
1090 4431 1161 4483 enim
1177 4427 1221 4484 liic
1232 4444 1355 4499 recipere,
1372 4444 1424 4483 noti
1441 4443 1508 4494 rem,
1523 4445 1583 4499 quae
1599 4430 1646 4483 tibi
1660 4429 1768 4485 demum
1779 4430 1826 4488 de·

181 4506 334 4575 ἁμιιὸισθαι
347 4506 456 4582 δωρεαῖς
465 4509 526 4566 τοὺς
537 4511 614 4561 τοῦτο
624 4504 715 4567 δόντας
727 4508 797 4578 αὐτῷ
812 4525 894 4560 narrar
942 4526 978 4560 rt·
992 4541 1018 4601 D
1031 4508 1084 4565 tur,
1099 4499 1231 4580 accipere,
1246 4498 1317 4569 quod
1334 4500 1437 4582 anglica
1452 4499 1542 4553 tertio
1552 4501 1680 4583 suggerit,
1694 4499 1741 4555 sed
1756 4515 1826 4584 rem,

180 4576 298 4649 Merme.
316 4578 377 4632 Edit
388 4580 512 4632 lisoium
524 4576 775 4643 tertulloilmscum
788 4574 890 4630 iaciunt
922 4579 979 4631 ‘lu-
1033 4584 1113 4637 qunm
1133 4584 1188 4638 pani
1201 4582 1264 4625 anie
1287 4570 1424 4635 imbricus,
1446 4585 1616 4653 retulerim.
1632 4579 1702 4628 sicut
1724 4580 1827 4638 optime

182 4649 279 4702 thsqi
291 4647 423 4717 (tripentis,
1034 4640 1171 4694 transtulit
1194 4639 1386 4707 liaueroiitius,
1408 4653 1435 4697 ιι
1450 4641 1529 4696 docte
1543 4642 1591 4698 tibi
1612 4641 1757 4710 explicabit
1770 4657 1828 4697 am-

221 4718 278 4774 llea
300 4719 422 4789 symbola
445 4726 497 4786 est,
516 4719 605 4775 emnia
629 4716 784 4789 planissima
810 4718 876 4784 iore,
892 4718 914 4772 si
931 4732 980 4788 pro
1035 4711 1170 4780 piissimus
1194 4711 1326 4782 cuperus.
1343 4712 1446 4768 Vellem
1461 4721 1561 4776 tamen,
1576 4713 1686 4784 nequid
1700 4715 1827 4769 dissimu-

184 4787 285 4844 eorem
307 4793 360 4856 tere
381 4801 503 4861 tenpore,
519 4799 566 4843 etr.
582 4789 638 4844 alio
653 4797 756 4844 tantum
770 4789 866 4844 ordine
887 4788 981 4858 legeri-
1034 4782 1099 4849 lem,
1113 4782 1267 4837 llaucroixii
1284 4782 1400 4850 trolano,
1436 4801 1477 4838 iim
1489 4785 1646 4853 simpliciter
1657 4794 1699 4840 est
1713 4802 1721 4844 t
1734 4785 1754 4839 il
1764 4785 1828 4840 des·

183 4874 258 4926 mus,
284 4859 382 4915 Eodem
408 4872 520 4934 tempore
549 4873 634 4915 tustra
655 4875 755 4931 quoquc
781 4860 901 4933 pretorio
928 4862 981 4931 [erc
1034 4857 1107 4908 liorte
1124 4852 1283 4934 drecnutrcr
1295 4801 1559 4926 l'cmpireiliortatur
1570 4855 1605 4910 ad
1613 4855 1827 4939 recuperandum

183 4932 330 4988 mititare.
349 4932 384 4986 lta
399 4942 488 4988 sutem
502 4932 651 4987 laciendum
671 4946 732 4988 esse
760 4934 874 4987 suadent
894 4935 981 5001 primo
1035 4924 1201 4993 imperium),
1217 4927 1368 4995 possessivo
1382 4927 1492 5007 nomine
1514 4926 1744 4992 auctoresset31t
1767 4926 1830 4981 t'ea·

184 5019 247 5072 quae
269 5004 391 5072 proxime
415 5015 563 5075 sequuntur
578 5020 584 5057 :
599 5002 780 5073 liilitespanci
794 5006 836 5074 qui
849 5001 980 5057 Romnum
1035 4995 1108 5049 docte
1129 4994 1654 5077 dieroutrertonempiresbortaturad
1669 5011 1830 5082 recuperau-

185 5074 279 5129 cnttri't
289 5075 373 5129 relicti
387 5089 469 5131 narrt.
484 5073 552 5129 Nam
567 5076 589 5129 si
605 5089 698 5129 revera
718 5074 795 5146 pauci
819 5075 917 5129 milites
937 5087 981 5129 re·
1035 5067 1100 5120 tium
1122 5064 1384 5148 suumimpcnum).
1410 5082 1445 5121 sse
1460 5067 1581 5120 ”flealdi
1606 5080 1702 5137 nempe
1717 5082 1829 5123 muliere

187 5146 246 5200 iirti
259 5143 352 5200 Romae
362 5145 469 5203 inerant
483 5148 508 5199 iii
524 5146 631 5211 castris,
648 5147 700 5215 tere
713 5161 779 5215 erqo
791 5154 875 5199 cestro
886 5154 980 5214 preto
1032 5134 1162 5192 Severum
1177 5134 1260 5192 luisse
1271 5150 1408 5190 seniorem
1421 5139 1587 5206 Augustum
1601 5140 1672 5208 quod
1687 5148 1761 5194 certe
1776 5153 1830 5193 uon

184 5217 378 5273 mummolam
392 5217 525 5282 Galerius,
541 5232 601 5286 quae
624 5228 714 5271 nostra
742 5216 824 5271 lectio
849 5225 912 5271 est:
928 5231 982 5270 tion
1033 5216 1103 5263 titii·
1394 5277 1400 5289 ,
1511 5275 1517 5288 ,
1548 5277 1554 5289 ,
1591 5278 1597 5289 Ι
1721 5276 1736 5289 ..
1770 5278 1777 5290 ‚
1808 5276 1815 5290 .

187 5301 254 5343 reio
267 5288 539 5359 praescissusiuterar,
553 5287 625 5358 qnod
638 5297 746 5358 recepta
762 5301 858 5344 uncum
870 5287 986 5359 disposi-
1073 5278 1153 5337 titini
1169 5296 1228 5336 etim
1238 5293 1297 5332 tttm
1316 5287 1429 5333 ιιιιιιιιι
1444 5275 1607 5332 Mummiam.
1621 5277 1737 5334 ilerculii
1751 5292 1833 5334 nimi·

188 5360 229 5415 tio
244 5359 337 5416 innuit.
352 5359 387 5415 Et
398 5359 507 5425 deinde,
518 5374 581 5416 cuiii
593 5369 710 5424 constet,
733 5373 901 5430 nequaquam
920 5373 985 5414 oos-
1036 5365 1110 5435 rum,
1126 5368 1174 5409 seu
1187 5347 1313 5435 senioris.
1327 5348 1399 5419 quod
1413 5357 1577 5431 postremum
1597 5348 1664 5403 lucis
1676 5362 1834 5431 causasup-

1029 5423 1124 5494 >pient
1135 5423 1313 5480 iliueroittus
1322 5422 1406 5474 tristia
1420 5433 1563 5487 rerstoue;
1579 5433 1665 5490 neque
1676 5418 1701 5472 id
1713 5420 1833 5489 quidem,

480 5537 486 5550 .
731 5535 747 5586 d
775 5535 788 5586 f
884 5536 900 5586 d
1041 5505 1071 5549 ut
1095 5510 1157 5551 mox
1178 5492 1288 5577 patebit,
1305 5491 1450 5574 incassum,
1465 5499 1592 5574 mouente
1617 5491 1716 5561 pariter
1728 5488 1764 5571 ad
1788 5503 1834 5572 se·

189 5536 720 5664 iotinaiisiiiiiiirstiaqiiiiiiiqiloisiiniiffig
730 5548 882 5650 pieuqiiffii·
902 5548 990 5588 ‘⁹⁰¹¹'
1042 5569 1181 5637 quentiiim
1200 5564 1401 5634 intelligentiam
1422 5562 1541 5634 anglica,
1554 5561 1678 5617 eumdem
1697 5558 1835 5616 Maximia-

224 5663 261 5726 (ἢ
278 5663 409 5714 „mmm
421 5663 562 5726 medad
574 5665 618 5713 mo
628 5664 681 5713 ma,
693 5661 759 5726 pm,
769 5661 929 5725 01„an
940 5660 994 5714 ph„
1044 5651 1109 5690 num
1125 5637 1207 5693 luisse
1219 5634 1345 5692 ilaxentii
1355 5641 1469 5704 patrem.
1480 5632 1534 5689 Sed
1548 5635 1571 5687 is
1585 5648 1665 5702 porro
1674 5630 1835 5698 Maxentius,

191 5725 227 5778 ae
248 5725 327 5776 ponte
346 5733 390 5776 not
410 5737 439 5777 ω
457 5725 531 5775 mucii
550 5737 578 5776 as
597 5733 669 5788 grant
690 5724 734 5776 ilie
751 5723 937 5788 eurinome
962 5736 994 5774 ‚n
1045 5718 1076 5788 ut
1090 5711 1210 5790 proximu
1220 5706 1374 5789 emendent,
1384 5706 1526 5788 ⁴nesciebat
1536 5705 1600 5775 quid
1610 5713 1702 5788 contre
1713 5716 1744 5759 se
1755 5700 1838 5760 Gale·

194 5786 410 5852 exemptiouirom
422 5788 533 5839 mistas.
1046 5791 1105 5832 rius
1127 5778 1303 5833 Maximianus
1326 5776 1477 5843 moliretur,
1491 5784 1592 5845 quanto
1616 5783 1652 5829 ita
1672 5774 1789 5832 Setertu
1807 5773 1842 5829 ab
