4142 6184
171 302 217 362 313
537 297 641 358 NOTAE
662 301 694 357 ΙΝ
715 298 780 360 tttt.
802 299 846 356 DE
866 293 1042 355 nonxtutts
1060 292 1256 354 tutassent.
1276 294 1354 355 GAP.
1374 294 1409 354 E.

169 438 215 494 qne
225 436 255 476 ιι
267 433 297 476 ea
309 417 422 474 nomam
436 418 463 474 in
478 419 567 475 predia
580 419 673 477 bloesia
688 418 812 475 collocati
826 425 899 482 stttu,
915 423 944 470 nt
957 413 984 475 A

170 498 192 550 in
206 493 268 549 libro
288 504 359 546 nono
372 490 453 545 tradit
468 490 623 559 Eutropius.
640 491 748 546 Flauius
764 489 896 560 Vopiscus
917 487 944 543 in

1741 289 1796 353 tit

1308 412 1423 470 catut
1443 412 1476 469 11.

1033 484 1169 541 Scrutatur
1179 501 1230 540 rer.
1246 491 1327 557 intur.
1342 485 1467 542 Aurelius
1479 484 1572 541 Victor
1586 503 1593 538 ε
1608 484 1725 557 Namque
1745 485 1795 539 im·

169 565 195 622 D.
210 561 346 618 Aureliano
366 579 373 615 :
397 559 462 617 Cant
483 571 608 616 vastatam
624 561 760 634 illyricum
780 578 810 616 ac
829 558 946 614 blesiam
995 557 1147 613 urinantium
1157 565 1295 622 scrutator,
1309 557 1353 611 ubi
1363 561 1418 628 soto
1430 556 1564 611 intestinas
1576 556 1673 621 clades,
1686 567 1737 611 etc.

168 634 309 705 deperditam
323 632 432 696 maeret,
456 634 612 704 ptenarium
630 644 702 689 trans
725 631 870 688 Danubium
893 629 945 685 lla·

1033 628 1147 697 Quidam
1159 628 1344 684 ntittittrorum.
1360 629 1395 684 Et
1415 628 1458 683 ltic
1480 642 1588 711 quoque
1612 628 1687 682 locus
1702 637 1794 696 apeme

167 708 224 762 tiam
236 724 250 759 a
264 703 375 773 Traiano
384 706 548 760 constitutam
561 704 661 760 subiato
680 704 792 759 saerata
806 714 829 757 et
843 703 946 770 prouin-
995 700 1116 756 ostendit
1136 698 1232 755 librum
1253 700 1335 756 istum
1357 713 1417 756 csse
1433 699 1573 754 Lactanttt.
1595 698 1697 755 Similia
1720 700 1794 755 enim

167 777 261 832 austu
273 776 391 845 reliquit,
403 776 541 846 desperata
555 793 610 831 earn
630 792 703 845 porte
719 775 839 839 retineri,·
851 773 945 828 abdue·
995 770 1107 827 outnino
1118 773 1175 842 ipse
1184 770 1265 827 babet
1276 771 1303 826 in
1318 772 1386 827 libro
1398 781 1495 840 tharto
1509 770 1718 834 institutionum,
1730 784 1791 839 cap.

167 857 242 915 totque
250 863 282 902 ea
293 863 323 899 ea
334 846 443 915 populos
452 847 480 901 in
492 846 609 903 ttoettant
623 846 774 908 collocarit,
791 844 945 913 appellauit·
995 841 1031 896 ut
1047 841 1135 897 :Num
1154 859 1213 897 cunt
1232 843 1281 899 dit's
1300 843 1354 899 tuit
1369 842 1521 907 immolant,
1537 843 1560 896 si
1580 842 1681 898 attisttu
1702 842 1794 908 aliquit

166 934 282 989 questam
295 916 557 984 Daciam,qnoenune
570 917 635 974 tinas
650 917 864 974 lioetiattiiaidit·
877 916 944 971 Tnm
996 917 1123 982 siquatarn
1147 916 1257 986 frontem
1281 930 1387 986 qerens,
1412 930 1485 969 saera
1506 912 1673 969 nullomodo
1697 912 1791 980 litant,

167 1004 222 1059 ergo
235 988 301 1043 band
316 990 397 1045 dubie
419 989 533 1045 Rontula
555 1002 642 1046 mater
663 988 783 1055 Galerii,
805 1003 866 1060 qtttc
887 994 947 1043 erat
996 1001 1044 1040 nee
1063 1002 1187 1056 respousa
1210 995 1291 1055 potest
1310 985 1440 1042 consultus
1459 985 1565 1040 reddas
1585 993 1665 1041 natet.
1683 982 1716 1038 Et
1737 984 1793 1039 itae

166 1060 405 1126 lrmsdanubiana,
419 1062 578 1132 conlegerat
590 1063 616 1117 in
633 1061 740 1117 Daciam
754 1075 863 1116 notam.

996 1072 1065 1125 sepe
1075 1074 1154 1111 eausa
1168 1059 1299 1128 praeapte
1305 1057 1434 1130 justitiam
1450 1054 1617 1127 persequendi
1629 1055 1704 1111 ntaiis
1715 1054 1793 1127 nequ·-

193 1131 212 1185 t
214 1133 303 1202 reiecto
327 1149 410 1186 amite.
435 1132 535 1197 idest,
553 1133 690 1200 Danubio,
716 1131 760 1186 nbi
784 1130 947 1187 coxtstilutus
997 1126 1044 1181 bat
1056 1129 1115 1197 itit.
1130 1126 1193 1184 Gnnt
1208 1129 1275 1183 enim
1287 1128 1391 1200 quitiam
1404 1128 1578 1183 ministrorum
1592 1137 1736 1184 nestrorum
1749 1143 1793 1180 sa-

166 1214 213 1259 crat
226 1203 300 1271 limes
315 1203 430 1257 durarum
448 1204 589 1260 Daciarum
605 1204 679 1260 illins
691 1204 830 1273 temporis.

996 1198 1170 1268 emicantibus
1186 1200 1304 1255 Dominis
1314 1201 1461 1255 assisterent
1473 1241 1481 1265 ,
1493 1200 1612 1271 imposita
1626 1197 1751 1271 frontibus
1761 1198 1793 1253 ti·

193 1274 252 1330 cao
271 1274 372 1344 inqens.
395 1275 583 1332 Consentanea
599 1275 738 1332 Lactantio
758 1282 849 1329 narrat
862 1273 946 1330 uase·
997 1286 1047 1340 qno
1061 1271 1121 1325 deos
1135 1272 1236 1326 illorum
1251 1275 1420 1343 iuqanmunt,
1437 1287 1469 1325 ne
1483 1283 1585 1340 postem
1608 1272 1635 1325 in
1656 1270 1793 1325 uitcmibnt

165 1346 223 1409 lius,
234 1345 278 1402 lib.
294 1362 343 1401 unt
358 1345 427 1401 tttst.
442 1346 541 1402 eccles.
554 1362 614 1415 cap.
631 1346 676 1413 ta,
690 1345 796 1403 ctlibrn
812 1345 947 1414 primodo
998 1341 1140 1396 bestiarum
1161 1340 1249 1410 iuturn
1279 1344 1424 1426 depiaqere.
1445 1342 1521 1408 Quod
1542 1359 1601 1398 eunt
1623 1340 1793 1411 inteiiiqerent

164 1415 214 1472 lita
230 1413 411 1484 Constantini,
433 1433 494 1487 cap.
518 1418 572 1484 55,
598 1415 730 1473 nituirurti
738 1416 847 1473 Galerio
865 1416 946 1471 ttatt·
997 1414 1147 1481 aruspices,
1163 1413 1343 1486 instiqantibus
1356 1414 1445 1470 tistiem
1459 1414 1616 1469 ternionibus
1627 1414 1719 1485 quibas
1731 1427 1794 1479 pro·

162 1489 239 1543 niuno
251 1497 335 1559 totam
348 1491 469 1558 corporis
483 1491 582 1545 molem
597 1488 632 1543 ob
646 1490 754 1545 nimiam
769 1487 889 1544 alimenti
901 1500 947 1541 co-
997 1493 1112 1551 secrant,
1125 1495 1305 1554 conquerentes
1327 1486 1475 1557 propltaaos
1487 1485 1601 1540 bantinet
1620 1485 1701 1540 saeris
1713 1484 1793 1538 intr*

163 1557 223 1625 piam
236 1560 261 1614 in
282 1559 445 1615 immensam
469 1561 614 1630 qnamdam
637 1560 828 1631 plttgttedinent
849 1573 945 1615 exere·-

162 1630 235 1698 tuse,
250 1631 333 1685 etiam
345 1639 408 1687 ante
424 1633 547 1689 morbum
562 1647 616 1703 qao
636 1633 727 1702 periit.

192 1722 237 1778 Per
256 1721 416 1779 Armeniam.
437 1725 583 1793 Maiorem,
600 1735 629 1780 nt
643 1724 723 1782 docet
735 1722 833 1781 Sextus
848 1722 945 1780 Attius.

162 1793 217 1849 Dae
230 1795 322 1863 itaque
344 1795 419 1852 lttcre
441 1797 594 1861 Armeniae,
619 1796 758 1864 Eupbrate
783 1796 865 1851 basio
879 1796 947 1851 inri-

159 1880 209 1920 ιιι
230 1865 436 1923 disterminata.
453 1868 540 1924 ilium
562 1867 738 1939 Cappadocia·
755 1866 848 1938 iuncta
867 1877 944 1934 erat,

159 1936 234 2007 maior
245 1937 390 1992 Ριιιιιιιι
405 1954 489 2009 ragno
503 1940 638 2010 contigua.
660 1939 753 2010 ltaque
767 1954 828 1994 cum
843 1937 945 1995 bellam

159 2006 317 2063 inarmonia
333 2009 437 2074 maiore
450 2011 603 2081 parabatur,
622 2012 714 2080 procul
736 2021 815 2066 crant
837 2011 944 2066 exerci-

159 2086 195 2133 tas
214 2094 228 2132 a
250 2078 428 2146 Nicomedia,
443 2080 566 2152 adeoque
586 2082 768 2138 Diocletianus
790 2089 863 2137 tutus
886 2090 945 2136 erat

157 2149 273 2205 adremus
288 2149 416 2207 timorem
429 2151 464 2208 de
476 2152 576 2209 Persis.
592 2151 689 2209 Narrat
703 2168 767 2223 ergo
778 2151 876 2209 Sextus
890 2151 944 2207 iia-

155 2221 189 2275 tta
201 2218 392 2277 Maximianum
410 2221 562 2289 Caesarem,
577 2240 638 2280 ctnn
651 2225 736 2294 prima
750 2223 944 2294 congressione

155 2292 236 2360 panas
253 2291 354 2348 luisset
372 2308 386 2348 a
399 2293 509 2360 Persis,
525 2309 541 2350 a
556 2295 722 2351 Diocletiano
736 2296 780 2351 tis
793 2298 943 2362 impetrasse

153 2371 177 2414 ¹⁸
187 2373 303 2433 '‘tilii‘'
314 2364 347 2419 ‘¹⁶
359 2365 496 2421 ‘mimi
512 2365 599 2421 ⁰⁰⁶¹oe
617 2374 728 2421 ‘mm‘
741 2374 856 2421 ‘mmm
869 2365 944 2423 na*
991 2410 1150 2492 inssisqut
1167 2427 1220 2466 non
1233 2427 1281 2468 eos
1294 2419 1397 2468 tantum
1412 2413 1457 2485 qui
1476 2414 1561 2468 sacris
1582 2412 1792 2479 ministrabant,

994 2481 1041 2535 scd
1057 2496 1197 2537 utttversos
1210 2485 1255 2553 qui
1270 2493 1348 2539 erant
1373 2484 1399 2538 in
1415 2484 1513 2552 palatio
1525 2483 1679 2540 sacrificare
1690 2485 1792 2553 iussit,

993 2559 1021 2605 et
1036 2552 1135 2609 milites
1149 2554 1230 2608 etiam
1244 2556 1302 2624 cogi
1318 2555 1447 2636 praecepit
1464 2553 1498 2609 ad
1519 2553 1632 2610 neiattda
1648 2556 1792 2610 sacriticia.

993 2620 1086 2691 ltaque
1100 2623 1184 2692 prima
1207 2623 1251 2679 illa
1274 2625 1388 2680 tnilxlum
1403 2626 1553 2695 persecutio
1578 2623 1672 2680 incitiit
1693 2626 1793 2681 in'an·

993 2708 1057 2749 nutu
1071 2695 1134 2752 sot.
1149 2693 1241 2765 Neque
1251 2704 1325 2751 certe
1335 2695 1438 2763 lurore,
1452 2698 1500 2751 setl
1514 2696 1613 2765 picute
1624 2697 1714 2767 potius
1724 2710 1794 2764 opus

992 2773 1034 2819 est
1057 2766 1092 2820 ati
1114 2767 1316 2838 expurgandum
1344 2768 1472 2895 temqlum
1498 2784 1505 2822 ε
1529 2767 1562 2822 ad
1583 2767 1793 2838 expungnandum

46 2491 47 2504 q
153 2434 180 2486 tit
192 2444 323 2503 repeteret.
348 2434 381 2490 ln
395 2435 518 2491 Armenia
539 2440 636 2509 tnaiure
650 2437 705 2506 ipse
726 2435 871 2505 imperator
884 2454 943 2492 cunt

46 2507 47 2528 ¹
152 2505 240 2560 duobus
262 2507 393 2576 equitibus
421 2508 563 2576 espiorauit
594 2508 696 2571 busim,
719 2517 743 2562 et
769 2524 829 2562 eunt
851 2507 942 2578 niqt'nti

45 2623 46 2630 ,
150 2576 250 2646 quinque
263 2576 381 2633 militias
395 2580 574 2648 superueniens
591 2580 681 2634 tatuit
694 2578 830 2634 nastilibus
840 2620 847 2645 ‚
858 2579 942 2634 subito

45 2633 46 2676 A
150 2645 271 2702 innumera
288 2647 432 2703 Persarum
453 2651 556 2721 aqntiaa
575 2650 713 2721 adgressus
733 2648 768 2704 oti
788 2650 941 2705 inturtetio·

150 2732 199 2770 aas
210 2720 322 2774 reddit.
337 2719 396 2776 nee
409 2719 548 2776 Persarum
560 2718 677 2776 Narseus
686 2721 789 2792 eiinqit.
803 2720 876 2776 Usar
886 2725 942 2795 ejus

148 2796 171 2840 et
181 2788 238 2855 iilia
250 2800 338 2860 eapttc
355 2802 430 2856 tunt,
442 2803 466 2846 et
480 2809 539 2847 eum
550 2793 663 2847 ιιιιιιιι
682 2792 814 2860 pudicitiae
823 2794 942 2848 custodia

148 2870 278 2917 ιιιιιιιιι.
307 2860 364 2916 Ριι
386 2880 437 2934 qao
450 2863 620 2919 adunatione
642 2861 730 2918 Persa
743 2880 796 2918 non
810 2864 886 2918 ntodo
898 2883 941 2920 as-

149 2930 204 2995 utit,
217 2933 354 2988 sedetiam
364 2934 496 3003 ntotiltus,
513 2934 643 2990 Romanos
658 2934 803 3006 superiores
813 2951 867 2990 esse
878 2952 940 2991 con·

147 3001 200 3068 iessi
211 3013 293 3059 suat:
313 3003 525 3073 Mesopotamiam
536 3023 596 3061 eunt
610 3004 820 3076 l'raastiqritauit
831 3007 941 3078 quiaque

145 3074 280 3141 repemina
305 3071 484 3131 reddiderunt.
506 3076 621 3149 Insignis
631 3089 674 3133 est
688 3077 732 3133 bic
745 3077 837 3145 locus,
853 3080 939 3150 etqui

144 3144 292 3204 emebatur
304 3163 322 3203 a
335 3147 413 3204 uobis
426 3147 554 3205 describi.

174 3234 272 3307 Fuqnto
294 3238 407 3295 Nmseo.
431 3239 484 3296 ista
502 3240 649 3310 contigisse
673 3255 744 3297 anno
762 3240 864 3297 Gbristi
885 3242 939 3300 298

143 3305 256 3369 pluribus
271 3311 374 3379 probat
386 3311 521 3367 liettricns
535 3312 659 3368 Valesius
679 3313 706 3367 in
722 3312 793 3367 ttotis
806 3312 840 3367 ati
855 3313 939 3370 Eusc-

142 3375 219 3445 binm,
232 3397 295 3453 pag.
313 3381 378 3447 tib,
391 3398 472 3453 quem
483 3383 606 3438 consule.
618 3384 788 3454 Quanquam,
801 3382 937 3442 latendum

140 3449 204 3503 enim
217 3460 278 3516 est,
293 3455 437 3509 victoriam
447 3454 548 3510 Galerii
562 3452 597 3510 do
606 3454 697 3510 Persis
706 3453 853 3522 contigisse
864 3471 938 3512 anno

43 3525 44 3534 ³
142 3517 171 3571 li
189 3521 295 3591 imperii
317 3524 476 3580 Diocletiani
497 3525 600 3581 diserte
622 3526 751 3590 scriptum
774 3536 817 3581 est
839 3527 864 3580 in
885 3543 936 3598 op·

139 3590 199 3644 tium
210 3592 256 3647 iiio
268 3603 299 3649 et
313 3595 501 3665 antiquissimo
512 3595 648 3652 Citronico
666 3595 821 3652 Eusebiano
838 3598 934 3653 biblio·

142 3658 221 3716 iteca
233 3664 423 3721 colbertinae:
447 3664 474 3721 ln
492 3668 577 3721 reteri
601 3682 666 3725 xero
686 3667 806 3723 editione
834 3669 933 3726 Vetteta

140 3743 277 3813 terooetur
286 3736 324 3792 ad
335 3750 435 3792 annum
451 3736 497 3793 tt.
509 3736 675 3808 Triumpittts
685 3747 776 3794 autem
787 3739 820 3793 de
830 3740 934 3798 Narseo

138 3812 204 3858 ncta
216 3815 296 3862 actus
302 3815 345 3864 est
354 3807 449 3864 Romae
457 3818 580 3880 tempore
587 3810 777 3876 vicennalium,
788 3825 860 3865 anno
866 3812 920 3868 505

137 3881 163 3926 ιι
176 3877 353 3935 ostendemus
368 3877 437 3935 inira
452 3880 485 3935 ad
501 3889 581 3951 capnt
594 3881 638 3935 li.

136 4014 143 4026 .
167 3944 329 4005 Detractaret
342 3950 452 4007 Goemris
464 3967 567 4007 nomen.
582 3950 642 4006 lion
658 3950 709 4007 init
728 3951 775 4008 ilie
795 3953 869 4008 soltts
884 3955 931 4025 qni

137 4020 271 4086 tammam
297 4021 401 4078 battere
424 4038 505 4093 quam
519 4033 666 4092 expectare
688 4023 789 4078 maliet.
806 4023 930 4081 lulianus

136 4083 218 4144 laser
236 4107 304 4148 eum
319 4102 430 4150 secutus
452 4102 513 4158 est3
538 4096 584 4164 qni
600 4094 717 4149 Caesaris
739 4096 850 4150 immine
874 4112 926 4152 non

133 4168 287 4230 contentus,
306 4164 456 4234 Augustum
472 4179 502 4220 se
515 4165 645 4234 appellari
665 4174 693 4222 et
714 4165 800 4220 uolttit
817 4175 846 4222 et
867 4182 929 4235 pas-

133 4242 174 4284 tus
184 4241 233 4288 est.
248 4234 331 4304 Quod
347 4236 393 4290 abi
408 4234 442 4292 ad
454 4235 643 4292 Constantium
658 4236 849 4305 imperatorem
864 4253 927 4308 per·

132 4297 208 4358 iatum
223 4315 285 4374 est,
301 4305 350 4362 ille
362 4305 481 4363 Leonam
494 4304 664 4374 Quaestoretu
678 4322 776 4371 sunta,
799 4317 829 4363 ut
843 4308 869 4363 in
893 4310 927 4364 li-

130 4367 175 4452 b'ro
184 4390 218 4429 xx
237 4376 326 4432 tradit
338 4378 498 4433 Ammianus
516 4377 703 4441 Marcellinus,
716 4379 742 4434 in
753 4378 854 4434 Gallias
863 4395 925 4436 catu

131 4438 222 4501 btteris
234 4447 309 4503 datis
324 4447 358 4503 ad
371 4449 508 4504 lulianum
533 4464 645 4519 pergere
660 4449 743 4504 celeri
758 4450 851 4504 stttttit
863 4466 926 4522 gra·

129 4509 174 4580 du,
186 4531 260 4582 eum,
277 4520 304 4574 si
317 4519 397 4575 saluti
411 4536 468 4575 suas
491 4521 729 4590 proximorumque
748 4521 922 4590 consuleret,

129 4589 236 4643 tumenti
263 4589 329 4644 batn
342 4591 482 4660 deposito,
495 4593 565 4647 imru
578 4591 694 4647 Caesaris
709 4605 739 4646 se
764 4599 923 4660 potestatem

128 4659 262 4736 continere
276 4662 451 4735 precipiens.
467 4663 521 4719 Setl
533 4661 658 4718 lulianus
680 4662 795 4729 restitit,
809 4664 860 4719 sab
873 4680 923 4717 tto·

127 4739 193 4783 mune
204 4731 273 4787 celsi
289 4748 321 4789 se
333 4733 441 4803 imperii
456 4734 543 4789 mutto
555 4732 704 4789 antimius
716 4736 866 4803 pariturum
879 4749 923 4789 as·

127 4808 265 4869 metans,
281 4812 312 4858 ut
324 4803 423 4875 legitur
434 4805 461 4861 iu
477 4803 601 4875 Epitome
616 4803 742 4860 Victoris.

157 4890 261 4949 Diocles
270 4905 332 4951 ante
344 4895 490 4967 imperinm.
502 4895 584 4965 inira,
595 4912 656 4969 cap.
672 4896 707 4954 te
720 4915 727 4951 :
744 4897 813 4953 iluic
824 4916 922 4969 pnrpu-

125 4977 174 5040 ιιι
188 4964 366 5023 Diocletianum
381 4969 467 5040 injecit
481 4984 572 5032 suant,
585 4985 637 5037 qua
648 4969 758 5025 teceait
768 5011 775 5035 ‚
786 4978 810 5025 et
822 4969 922 5026 Diocles

125 5041 208 5088 ueram
221 5039 311 5106 iaetus
321 5048 369 5094 est.
384 5038 508 5106 Epitome
522 5038 636 5095 Victoris
649 5057 656 5093 :
668 5038 843 5096 Diocletianus
855 5041 918 5096 Dal-

125 5114 202 5170 ttnta,
219 5109 330 5163 Anatim
343 5110 469 5164 senatoris
482 5111 614 5165 libertinus
624 5153 632 5176 ,
644 5121 725 5165 matre
738 5114 833 5181 pariter
842 5123 919 5178 atque

123 5178 213 5242 turido
228 5181 335 5235 nemine
350 5178 472 5245 Dioeiea,
485 5197 594 5252 qnorum
607 5182 754 5247 amabatis,
769 5187 848 5238 donee
869 5184 918 5237 int·

123 5247 215 5310 ιαιιιι
227 5261 357 5319 sumeret,
375 5250 476 5305 Diocles
492 5251 653 5322 appellans,
669 5253 714 5308 ubi
725 5254 794 5310 orte
807 5252 917 5308 lioutnni

122 5321 257 5382 aestima
279 5321 363 5391 cepit,
380 5320 490 5376 Graium
510 5338 601 5378 ttamen
623 5325 650 5379 in
664 5324 808 5381 Romanurn
821 5342 917 5380 motem

121 5393 246 5446 emtam.
271 5391 338 5448 Vide
354 5391 491 5449 valesium
512 5394 538 5448 in
553 5395 624 5449 uotis
634 5395 667 5450 ad
680 5395 838 5460 Eusebium,
854 5413 914 5467 pag.

123 5455 180 5514 itis.
194 5462 391 5518 Emcntlautlns
411 5479 477 5534 crgo
500 5463 609 5520 Flavius
622 5467 753 5537 Vopiscus
776 5469 802 5523 in
825 5468 915 5524 locoa

119 5528 192 5586 nobis
207 5547 294 5602 supra
309 5537 442 5591 relatoen
466 5535 519 5591 uita
541 5535 698 5594 Numeriani
723 5555 729 5590 :
755 5538 799 5592 nbi
825 5538 916 5609 legen·

118 5596 177 5680 tiam
194 5603 301 5658 Diocles
314 5607 421 5661 uintinm
432 5622 538 5673 asarttt,
557 5622 607 5678 pro
621 5623 654 5663 cn
669 5609 741 5679 qnod
756 5610 791 5665 ibi
806 5610 913 5679 iegitur,

117 5666 289 5729 Diocletiane·

149 5742 260 5799 seturna
273 5745 396 5816 iubatae
410 5752 531 5822 reqnmt‘t.
549 5749 616 5808 Vide
628 5767 688 5824 qnae
702 5750 861 5809 adnotamus
873 5750 914 5808 in·

114 5807 164 5880 ira,
180 5815 215 5872 ad
227 5826 313 5889 caput
326 5818 368 5877 17.

43 6085 335 6134 ᾙ-ὲ-
440 6109 444 6116 .

998 1571 1067 1621 essa,
1082 1565 1187 1626 eqeraat
1207 1557 1334 1625 mincipes
1343 1574 1404 1612 tuos
1419 1558 1445 1612 in
1457 1561 1570 1628 intorem
1581 1563 1608 1612 tu
1618 1557 1794 1627 eupuqnm'ent

1000 1624 1048 1680 Dei
1061 1628 1192 1691 tentalum.
1214 1628 1273 1696 Quo
1287 1628 1361 1692 loco,
1379 1640 1408 1683 nt
1423 1627 1489 1682 llind
1513 1628 1601 1685 obiter
1614 1628 1793 1691 admoneam,

998 1696 1090 1767 lapsus
1104 1699 1221 1769 grauiter
1241 1709 1284 1754 ιιι
1295 1697 1430 1769 ioscpbus
1449 1699 1546 1765 lsaens,
1568 1707 1664 1769 putans
1678 1697 1738 1753 beic
1751 1697 1795 1768 agl

961 1801 985 1862 B
999 1767 1032 1822 dc
1047 1771 1148 1851 templo
1161 1770 1252 1837 iouis,
1266 1769 1415 1841 Apollinis,
1430 1771 1472 1825 uel
1487 1770 1605 1839 utriusvis
1618 1770 1730 1825 alterius
1743 1769 1795 1824 dae·

997 1853 1087 1895 ments
1097 1853 1264 1911 expurgato,
1276 1857 1338 1897 cnm
1352 1852 1441 1897 tamen
1456 1842 1500 1897 bie
1517 1841 1592 1897 locus
1606 1838 1795 1911 intelligendus

996 1910 1033 1966 sit
1049 1909 1084 1965 tie
1097 1910 1233 1978 Ecclesia,
1249 1913 1307 1968 sire
1325 1912 1360 1970 de
1379 1927 1493 1983 corpore
1516 1911 1745 1974 Christianorum,
1767 1920 1796 1970 ut

997 1990 1071 2037 recto
1084 1982 1134 2037 ista
1149 1984 1267 2054 etpbcat
1280 1984 1405 2040 laudatas
1427 2000 1509 2054 supra
1524 1982 1657 2055 (inpetus.
1678 1983 1744 2038 Nam
1760 1998 1795 2039 co

996 2061 1185 2124 temporeque
1201 2055 1337 2127 principes
1348 2056 1399 2111 acti
1414 2067 1477 2111 sunt
1491 2056 1518 2111 iu
1532 2054 1651 2111 intorem
1665 2064 1695 2111 nt
1706 2069 1795 2125 espu-

995 2134 1110 2191 gnarent
1130 2126 1178 2183 Dei
1199 2126 1345 2197 templum,
1369 2127 1548 2184 Diocletianus
1572 2142 1624 2181 non
1647 2135 1706 2182 erat
1724 2126 1794 2196 apatl

994 2193 1194 2263 Nicomediam,
1209 2199 1258 2254 sed
1283 2199 1310 2253 in
1329 2198 1453 2265 Oriente,
1470 2209 1499 2254 ut
1520 2198 1600 2255 docet
1614 2197 1793 2256 Lactantius:

994 2267 1040 2336 qni
1055 2267 1126 2338 quod
1142 2268 1168 2323 in
1184 2269 1253 2325 libro
1267 2279 1364 2342 quarto
1376 2270 1444 2326 dixit
1457 2270 1492 2326 de
1502 2280 1656 2339 expugnato
1666 2269 1713 2326 Dei
1728 2278 1795 2326 tem·

995 2339 1040 2405 pto
1068 2339 1185 2423 explicat
1208 2341 1243 2396 de
1267 2341 1427 2411 perniciosis
1454 2351 1482 2398 ct
1504 2341 1612 2412 iniustis
1635 2340 1794 2398 Diocletiani

993 2850 1058 2891 uero
1071 2840 1200 2908 tempium
1213 2839 1270 2894 site
1279 2853 1376 2909 corpus
1413 2838 1615 2904 bristianoram,
1625 2838 1696 2910 qaod
1709 2837 1792 2908 Deus,

991 2906 1072 2976 quiin
1087 2908 1189 2978 templo
1200 2908 1415 2966 Christianorum
1426 2909 1575 2978 colebatur,
1591 2924 1669 2965 sacru
1686 2909 1793 2966 turbas·

991 2986 1034 3033 set
1053 2980 1151 3049 quibus
1165 2980 1344 3052 imperatores
1366 2996 1477 3052 operam
1502 2980 1618 3046 dabant,
1634 2979 1710 3038 lutor
1731 2983 1791 3037 aui·

991 3063 1065 3104 tunm
1080 3050 1193 3106 addidit.
1216 3050 1312 3107 Aietius
1326 3051 1504 3116 sternutus,
1519 3052 1564 3124 qui
1587 3066 1682 3108 rocem
1706 3069 1791 3123 eaptt·

990 3131 1098 3192 qnareat
1110 3122 1171 3178 bcic
1184 3123 1310 3191 retinnit,
1325 3124 1403 3179 aliam
1417 3121 1529 3195 reiecit:
1545 3124 1704 3195 quoniamst
1719 3125 1792 3194 tego·

953 3190 1085 3254 Cremus
1105 3204 1292 3318 euparqarent,
1306 3210 1355 3267 per
1376 3195 1423 3252 net
1441 3195 1570 3265 templum
1591 3203 1666 3251 esset
1687 3195 1790 3252 intelli·

990 3264 1108 3333 gendum
1119 3264 1185 3335 Apol
1198 3266 1250 3322 inis
1264 3266 1315 3323 uei·
1325 3266 1435 3323 alterius
1451 3266 1621 3337 instiusmodi,
1635 3264 1706 3337 quod
1722 3266 1790 3324 Lac·

990 3336 1090 3391 santius
1112 3351 1165 3390 non
1190 3336 1320 3406 templum
1342 3337 1405 3403 Dei,
1421 3337 1469 3394 sed
1490 3337 1622 3394 daemonis
1647 3337 1788 3406 prolannm

988 3404 1154 3462 domicilium
1177 3410 1353 3464 nominasset.
1370 3409 1424 3466 Sed
1440 3409 1511 3465 idem
1528 3417 1618 3465 tumen
1634 3407 1714 3478 buius
1737 3410 1789 3467 loci

987 3490 1097 3532 sensnm
1122 3489 1262 3534 assecutus
1280 3494 1333 3535 nou
1348 3489 1401 3535 ιιι.
1415 3479 1561 3536 Existimat
1572 3482 1645 3536 enim
1659 3480 1718 3535 beic
1740 3496 1789 3550 per

987 3548 1117 3619 tentplum
1133 3548 1246 3619 intelligi
1261 3551 1333 3605 uiros
1358 3550 1418 3606 ilios
1430 3550 1615 3616 Christianos,
1630 3551 1675 3620 qui
1699 3552 1786 3606 sacri·

986 3617 1054 3675 baiis
1069 3619 1233 3686 intererant,
1247 3621 1292 3691 qni
1308 3621 1439 3693 tnartyrio
1453 3621 1541 3677 allecti
1563 3621 1619 3676 sint
1639 3620 1676 3675 ob
1687 3636 1786 3690 quere-

985 3687 1026 3744 ias
1039 3689 1192 3745 damonum
1207 3698 1343 3747 eteorum
1357 3690 1545 3760 sacerdotum,
1559 3707 1620 3747 cnm
1634 3700 1738 3747 certum
1749 3694 1786 3752 sit

984 3758 1046 3817 beic
1061 3762 1103 3833 agi
1119 3761 1152 3817 de
1176 3760 1297 3817 Ecclesia
1313 3762 1339 3818 in
1363 3762 1531 3818 uniuersum.
1558 3762 1671 3819 Errandi
1695 3762 1785 3834 itaque

921 3855 930 3880 s
983 3835 1091 3889 occasio
1104 3833 1217 3888 ittituox
1229 3841 1416 3905 expurgarent,
1439 3849 1520 3904 quam
1537 3833 1661 3905 quadarn
1682 3834 1783 3893 editio·

983 3902 1071 3960 tiones
1089 3902 1190 3960 babent
1205 3918 1253 3974 pro
1266 3915 1450 3977 rapitqnarent.
1469 3905 1552 3961 Porro
1565 3905 1708 3977 legendnm
1721 3922 1784 3966 esse

981 3980 1157 4047 etpaqnarent
1180 3975 1278 4031 ducent
1296 3993 1342 4032 sex
1363 3976 1461 4033 uetusti
1484 3976 1592 4033 codices
1607 3976 1782 4037 Bibliotbcce

980 4048 1078 4118 regiae,
1091 4046 1202 4103 totidem
1219 4046 1398 4110 Gelbertinm,
1424 4049 1487 4103 item
1501 4048 1545 4104 alii
1560 4049 1614 4104 dtxo
1625 4049 1723 4104 uetxtsti
1736 4065 1782 4107 co·

979 4116 1056 4173 dices
1068 4118 1267 4184 Βιιοιιιιιιιιι,
1283 4134 1352 4189 qnos
1369 4128 1397 4175 et
1409 4119 1571 4176 Titomasitts
1592 4128 1620 4175 ct
1641 4119 1725 4176 [saus
1740 4122 1780 4176 vi-

979 4187 1093 4253 derunt;
1108 4199 1136 4244 nt
1150 4197 1277 4245 testatum
1294 4190 1357 4245 iecit
1370 4189 1483 4246 Latinus
1496 4190 1618 4246 Latinius
1633 4191 1660 4247 in
1675 4205 1722 4245 ora
1737 4193 1779 4249 sni

978 4257 1126 4327 Lactantii,
1141 4276 1221 4336 quem
1236 4274 1341 4317 mecum
1357 4276 1405 4324 pro
1417 4260 1535 4316 amicitia
1551 4271 1641 4317 nostra
1656 4276 1779 4316 commn-

979 4330 1489 4388 nieavitclarissimuscteruditissitnns
1500 4341 1779 4390 conterraneusmctts

977 4400 1112 4459 Antonius
1127 4403 1229 4468 Fanre,
1254 4402 1353 4458 Ductor
1373 4401 1525 4473 Tbeoiogus
1548 4402 1723 4468 Patisiensis.
1750 4416 1778 4460 ct

976 4470 1141 4544 Praepositns
1154 4473 1282 4529 Ecclesiae
1298 4474 1448 4528 tiernensis.
1462 4473 1522 4541 Quo
1534 4474 1615 4529 etiarn
1632 4473 1713 4529 modo
1726 4474 1776 4531 Pc-

979 4552 1036 4598 trus
1047 4545 1190 4602 Ciacottius
1204 4544 1346 4615 legendum
1358 4555 1418 4599 esse
1431 4548 1534 4600 monuit
1545 4548 1573 4599 in
1584 4545 1703 4627 margine
1713 4545 1777 4601 Luc·

977 4617 1053 4671 tantii
1067 4616 1124 4683 sui,
1138 4631 1218 4688 quem
1233 4615 1298 4670 mibi
1313 4615 1442 4671 ntendntn
1455 4615 1531 4671 dedit
1544 4616 1615 4673 idern
1630 4632 1670 4671 ιιι
1682 4616 1776 4674 claris-

974 4687 1070 4744 simus.
1087 4690 1176 4757 Atque
1198 4687 1233 4742 ita
1251 4701 1317 4742 sanc
1334 4685 1436 4742 babent
1453 4696 1530 4744 totns
1549 4687 1593 4742 ilia
1616 4687 1699 4744 editio
1720 4688 1776 4745 Ru-

974 4773 1071 4884 quanta,
1086 4759 1198 4825 Veneta,
1212 4760 1276 4822 antri
1289 4758 1370 4825 taut,
1384 4757 1582 4815 etBasiicensiu
1597 4757 1674 4830 llysti
1689 4758 1774 4817 Botu-

985 4845 1031 4886 cn.
1453 4859 1456 4868 ·
1482 4874 1486 4880 .

1009 4900 1161 4956 ttnntortale
1181 4902 1291 4974 siqnntu.
1320 4900 1493 4967 Lactantius,
1518 4898 1566 4956 lib.
1589 4915 1614 4955 ιι
1638 4900 1772 4970 lttstitut.,

972 4986 1032 5042 cap.
1048 4973 1103 5027 ut:
1119 4972 1189 5038 Quos
1207 4973 1308 5044 siquenm
1335 4972 1479 5027 itttutortaie
1505 4971 1624 5026 munierit
1651 4981 1773 5044 tanquam

972 5042 1178 5114 inexpugnabilis
1190 5059 1288 5098 nmras.
1304 5041 1374 5098 Alibi
1387 5042 1454 5096 dixit
1466 5040 1566 5097 coeieue
1578 5043 1690 5114 siquam.

1007 5112 1097 5187 Taqis.
1111 5112 1179 5168 Puto
1194 5113 1251 5170 bate
1270 5113 1389 5169 oratorio
1412 5128 1488 5168 ntoro
1514 5112 1584 5166 dicta
1608 5128 1680 5178 csse,
1709 5118 1771 5186 qttin

972 5182 1059 5256 Tages
1072 5184 1196 5240 Theseus
1207 5183 1255 5241 luit
1268 5185 1333 5241 oiim
1348 5199 1461 5254 magnus
1475 5198 1589 5252 aruspex
1603 5192 1632 5240 ct
1642 5187 1772 5257 magister

971 5257 1135 5327 aruspicum.
1144 5257 1290 5321 Arnobius,
1302 5256 1370 5311 libro
1380 5253 1500 5310 secundo
1510 5255 1640 5312 aduersus
1650 5256 1769 5316 Gentes:

971 5326 1113 5398 Antequam
1139 5325 1240 5400 Tituqes
1254 5325 1373 5381 Tbuscns
1398 5342 1457 5380 oras
1482 5327 1639 5400 contingeret
1653 5327 1768 5399 intrauit,

970 5400 1107 5470 qaisquam
1121 5399 1256 5453 totmanno
1266 5396 1374 5463 sciebat,
1395 5407 1439 5452 ιιι
1453 5413 1507 5453 este
1533 5398 1688 5454 noscendum
1707 5417 1769 5456 eoa·

971 5470 1169 5539 discendamque
1184 5468 1301 5537 carebat,
1317 5486 1351 5524 an
1370 5467 1508 5538 iniminum
1533 5485 1608 5524 casas
1628 5479 1674 5525 att
1692 5480 1768 5527 esto-

970 5557 1027 5595 rum
1041 5540 1139 5611 aliquid
1158 5541 1345 5612 tiqttiicatetttr
1358 5541 1386 5595 t'n
1399 5540 1492 5595 uentis?
1514 5539 1564 5597 Ubi
1585 5540 1646 5596 title
1672 5541 1767 5599 obser·

969 5614 1092 5667 tationes
1105 5611 1232 5668 Gcltltattl
1248 5611 1450 5668 Eimcnborstii.
1466 5612 1533 5668 ilinc
1552 5611 1616 5666 iilnd
1632 5614 1764 5668 Anttninni

969 5680 1113 5737 blanccllini
1128 5700 1160 5738 cx
1175 5684 1243 5738 libro
1257 5699 1320 5747 ιιι,
1337 5698 1398 5754 pag.
1416 5683 1463 5738 tot
1480 5700 1488 5736 t
1505 5682 1538 5737 ln
1554 5681 1678 5746 Tttqaticis
1692 5683 1765 5739 tibris

968 5750 1060 5820 leqitut
1079 5752 1178 5827 Veianis
1193 5755 1299 5826 inbninc
1314 5770 1373 5808 trine
1391 5755 1532 5826 tnnqentios
1554 5753 1619 5806 adeo
1639 5752 1761 5821 bebetnri,

968 5832 997 5878 ιι
1011 5840 1055 5879 nes
1071 5829 1202 5895 tonitrum,
1231 5842 1276 5880 nea
1299 5829 1409 5896 ntajores
1435 5824 1534 5895 aliquos
1548 5823 1645 5894 possint
1673 5823 1763 5882 audire
