4142 6184
149 292 206 353 845

512 296 681 356 ‘otsseltm
701 297 737 356 tn
756 299 822 356 [ιιι.
839 298 885 356 ott
905 297 1081 360 MORTlBUS
1100 301 1295 365 PERSECUT.
1314 306 1393 366 CAP.
1414 309 1436 365 1.

1748 316 1801 373 oto

150 414 177 469 io
189 411 315 480 Galliam,
325 420 353 468 ut
367 412 576 470 Constantinum
591 430 648 472 suaa
655 415 837 472 minorisdliac
850 417 950 488 nuptiis
964 409 990 479 A
1003 419 1053 474 ciis
1066 419 1180 477 instituit
1195 421 1307 479 deorum
1323 438 1433 481 suorum
1447 425 1600 496 pontiliccs,
1624 426 1669 497 qui
1692 430 1801 486 cosdem

150 505 201 561 sibi
224 506 392 562 conciliaret.
415 506 476 578 lpse
499 522 565 564 vero
589 509 713 566 Galerius
737 509 898 577 boutema
922 527 952 568 se

150 595 270 654 nondum
284 600 381 664 uisam,
396 599 524 657 invadere
541 585 641 658 frustra
656 603 760 658 nititur.
781 602 847 658 Nam
870 604 951 675 legio·

151 688 232 744 nibus
244 698 347 744 tantum
362 690 451 745 scelus
465 692 674 761 detestantibus,
691 695 780 749 timuit
789 694 882 750 Severi
895 697 952 750 eai-

152 797 220 854 tnm,
236 802 267 842 ac
283 786 343 857 luga
356 798 444 857 capta,
460 787 493 844 ad
506 790 586 846 sedes
606 807 670 847 suas
689 807 719 847 se
739 793 860 863 recepit,
878 802 952 864 post·

148 893 230 950 qnam
245 878 349 936 ltaliam
362 880 493 938 militibus
511 883 698 941 crudelissime
715 885 872 941 vastandam
887 886 952 942 reli·

148 970 265 1043 quisset.

184 1065 221 1119 98
237 1065 283 1121 29.
300 1066 403 1124 Dehinc
418 1069 559 1125 Herculius
575 1085 609 1126 ex
625 1069 721 1127 Galliis
731 1071 847 1128 Rolnam
857 1088 950 1128 rcvcr·

149 1159 193 1225 tit,
210 1160 255 1216 obi
283 1175 428 1216 conamunc
440 1162 583 1234 inlperinm
596 1164 715 1221 habehat
728 1182 788 1223 cnm
804 1166 948 1224 llareotio.

149 1251 205 1307 Sed
218 1254 279 1324 quia
295 1254 330 1309 ab
342 1255 400 1325 eius
413 1256 533 1313 humeris
548 1274 694 1328 purpuram
716 1262 823 1331 publica
842 1261 868 1316 in
884 1276 951 1317 cott-

148 1347 230 1424 c'oue
243 1347 411 1418 domuerat,
427 1367 460 1407 ex
477 1352 526 1407 hac
541 1353 608 1408 urbe
628 1362 765 1423 tamquam
788 1354 950 1426 Tarquinius

148 1442 285 1511 Superbus
298 1443 402 1513 eiectos
414 1453 467 1500 esi.
482 1444 547 1502 lude
562 1447 653 1517 itaque
669 1461 718 1516 per
731 1445 833 1503 Gallias
847 1446 881 1501 ad
896 1445 949 1501 Ga·

148 1535 244 1592 lorium
258 1538 404 1609 proiectus,
417 1538 495 1595 illurn
514 1542 744 1596 reconciliationis
765 1542 857 1611 specie
876 1542 949 1597 occi·

148 1627 224 1696 dere,
241 1639 268 1684 ct
279 1630 398 1700 spoliare
408 1647 492 1701 regno
502 1631 692 1688 meditabatur.
706 1635 757 1688 Ast
769 1633 814 1688 ubi
824 1634 950 1702 cognonit

1004 509 1103 566 (llrristi
1118 511 1264 584 discipulos
1278 517 1311 571 ad
1331 516 1411 588 impia
1424 517 1553 574 sacritlcia
1574 518 1695 575 iacienda
1721 538 1800 592 cogo-

1003 614 1075 657 rent.
1096 595 1138 659 Ab
1152 621 1183 660 ca
1198 617 1287 662 tnnrcu
1303 608 1510 665 christianorum
1526 613 1715 681 persecutione
1730 613 1803 669 littc-

1002 698 1042 754 ris
1054 697 1224 755 Constantini
1236 702 1391 771 deterritus,
1414 705 1592 760 dissimularit
1605 707 1723 776 quidem,
1753 709 1800 763 scd

1003 793 1108 849 sinebat
1122 795 1181 850 illos
1193 796 1297 852 occulte
1315 797 1397 853 maris
1414 798 1494 854 undis
1509 799 1655 870 submergi.
1679 800 1720 856 hd
1745 799 1803 856 lucc

1001 900 1078 951 vero,
1094 897 1124 942 ut
1136 903 1184 943 cos
1196 897 1305 945 necaret
1324 888 1405 954 lame,
1429 901 1476 946 aut
1494 891 1639 961 prohibitis
1653 893 1724 947 oscis
1738 909 1804 947 cinr-

1003 977 1158 1045 murmuret,
1176 981 1277 1049 priums
1288 981 1408 1037 omnium
1421 985 1549 1054 praecepit
1559 995 1653 1039 cuncta
1665 985 1801 1052 antitistis,

1001 1070 1100 1140 quibus
1115 1073 1260 1140 vescimur,
1275 1073 1309 1129 ad
1322 1073 1435 1129 deorum
1445 1089 1507 1130 aras
1522 1076 1667 1142 immolari,
1696 1086 1723 1132 ct
1746 1093 1804 1133 om·

1001 1162 1045 1218 nia
1059 1164 1093 1218 ad
1108 1166 1206 1221 uictum
1223 1167 1377 1223 necessaria
1388 1167 1513 1237 delibari,
1527 1172 1726 1227 autsacrilicari
1738 1214 1745 1236 ,
1758 1179 1805 1226 aut

1001 1258 1226 1329 perlundirncro.
1255 1262 1376 1333 Denique
1403 1263 1485 1318 tarrtis
1508 1264 1615 1321 tributis
1640 1281 1693 1320 non
1722 1266 1804 1321 modo

1001 1347 1173 1418 christianos,
1194 1353 1242 1408 scd
1258 1364 1372 1411 caeteros
1386 1369 1482 1411 omncs
1503 1357 1659 1426 oppressit;
1689 1368 1718 1413 ut
1740 1357 1804 1413 inde

1001 1453 1095 1498 exorta
1114 1445 1195 1510 lanae,
1222 1455 1250 1502 ct
1269 1448 1406 1516 omuibus,
1433 1464 1492 1519 quac
1504 1449 1610 1507 Diocles
1623 1460 1650 1506 ct
1665 1450 1805 1507 llercolius

1000 1534 1175 1604 reliquerant,
1190 1536 1305 1607 abrasis,
1320 1540 1408 1594 solum
1421 1541 1483 1595 vitae
1497 1556 1589 1606 osum,
1617 1557 1693 1598 more
1717 1541 1801 1598 latro·

1001 1642 1076 1690 ituria,
1088 1626 1244 1684 hominihus
1258 1645 1306 1700 pro
1320 1647 1418 1702 magno
1431 1632 1535 1688 dederit
1550 1633 1692 1690 beneficio.

143 1719 293 1784 Licinium.
307 1722 399 1778 Diocle
411 1734 553 1793 praesento,
568 1725 668 1780 lactent
682 1726 717 1781 ab
731 1725 827 1781 elidem
839 1725 950 1782 Galerio
1036 1719 1071 1774 58
1081 1749 1092 1761 ·
1101 1720 1147 1775 θ’
1166 1722 1202 1775 ¹⁴3³
1215 1732 1305 1776 antem
1320 1731 1428 1794 ιιιιιίιῦθ
1443 1723 1573 1780 efflessila
1586 1736 1655 1791 elib
1666 1725 1803 1797 descripta

144 1813 353 1881 imperatorem,
370 1822 433 1868 tunic
446 1829 540 1869 rursus
552 1813 672 1885 confugit
682 1814 715 1869 ad
727 1814 945 1870 Constantinum.
963 1793 1016 1874 ιιι
1030 1811 1140 1880 Cecilio,
1156 1813 1229 1869 illius
1243 1814 1325 1870 libido
1340 1831 1347 1882 ;
1373 1827 1403 1871 ut
1425 1817 1525 1874 nullius
1537 1820 1660 1889 ingenuae
1674 1819 1803 1888 ioenrinae,

142 1900 232 1969 Quem
246 1901 354 1972 quidem
367 1914 396 1958 ut
410 1904 515 1960 [acilius
534 1904 693 1977 deciperet,
716 1905 826 1977 deponit
845 1922 950 1978 purpu.
1004 1911 1051 1957 otti
1065 1902 1188 1974 virginio,
1205 1905 1256 1961 nisi
1269 1905 1304 1960 ob
1318 1906 1530 1976 deformitatem,
1544 1919 1599 1964 tulo
1613 1926 1674 1967 osso
1687 1912 1806 1983 potuerit

140 2010 215 2060 ram,
233 1994 326 2068 illique
338 1997 426 2052 adhuc
437 1996 531 2067 juvenii
548 1998 705 2067 persuadet,
720 2009 749 2053 ut
769 1999 802 2054 ad
819 1999 951 2056 barbaros

140 2085 324 2144 debellandos
337 2089 430 2159 paucis
442 2101 504 2144 cum
528 2088 659 2145 militibus
685 2089 880 2159 proficiscatur.
895 2090 949 2147 Neo

143 2181 235 2235 mirlto
262 2192 323 2252 post
351 2181 473 2254 proditor
501 2183 639 2249 riciarius,
657 2192 794 2254 resumpta
809 2198 947 2254 purpura,

139 2272 323 2343 expiilatisque
343 2272 513 2330 Constantini
539 2274 672 2331 thesauris
697 2275 810 2346 artlugit,
834 2290 948 2346 occupa·

138 2364 237 2436 vitque
250 2365 406 2424 Massiliam.
417 2367 517 2424 Verum
525 2367 718 2425 Constantinus
730 2371 798 2423 mira
809 2369 948 2427 celeritate

139 2476 302 2532 regressos,
328 2463 421 2517 urbem
448 2462 517 2518 hanc
543 2461 667 2530 obsidet,
694 2478 725 2517 ac
753 2477 818 2532 paee
846 2464 947 2518 lrustra

139 2555 246 2621 oblata,
273 2573 335 2610 euin
358 2556 441 2626 carnit,
463 2565 491 2612 ct
514 2555 634 2611 detracta
660 2554 755 2612 rebelli
774 2556 947 2625 imperatoria

138 2658 232 2713 reste,
250 2647 334 2705 noluit
350 2650 425 2704 illum
442 2645 496 2704 rita
513 2649 630 2721 priiare.

177 2741 278 2797 eoos.
293 2739 387 2795 Melior
400 2740 484 2795 nihilo
495 2751 638 2813 propterca
663 2737 759 2807 iaetus,
771 2741 838 2796 alias
851 2743 949 2798 struxit

136 2834 324 2891 Constantino
337 2835 458 2890 insidias.
476 2833 529 2892 Sed
552 2834 583 2889 iis
600 2851 615 2889 a
629 2833 729 2890 Fausta
744 2834 869 2903 detectis,
884 2852 945 2907 spa·

137 2926 243 2982 donem
260 2941 308 2997 pro
324 2925 501 2982 Constantino
520 2926 675 2981 obtruncat.
688 2927 860 2996 Quapropter
878 2928 945 2982 tanti

137 3018 257 3074 sceleris
280 3034 374 3090 prunas
400 3017 546 3089 suspendio
568 3018 673 3074 scrivere
688 3020 802 3089 cogitur.
825 3018 948 3075 Galerius

137 3110 254 3166 interim
268 3121 297 3166 ut
316 3126 428 3182 ningues
449 3112 475 3166 iu
489 3111 671 3167 vicennalium
692 3126 803 3166 suorum
820 3111 946 3166 celebra·

1002 1994 1151 2066 integritas.
1166 1996 1325 2068 Nuptiarum
1340 2010 1474 2070 praetcrea
1487 2004 1608 2059 οιιιιιιιιιιι
1625 2006 1669 2061 ille
1693 2021 1801 2078 proago-

1001 2096 1098 2152 stator,
1113 2100 1283 2160 corruptasa
1299 2107 1329 2147 se
1339 2094 1457 2164 virgines
1471 2096 1569 2161 serris,
1592 2107 1673 2168 atque
1690 2100 1804 2156 violatas

1001 2184 1035 2240 ab
1050 2184 1110 2240 aliis
1123 2186 1267 2256 primarias
1283 2188 1422 2256 mulieres,
1444 2190 1470 2245 in
1493 2191 1695 2249 matrimonium
1718 2195 1804 2252 cuivis

1001 2275 1104 2346 petenti
1115 2277 1291 2334 coaccedebat.
1319 2280 1518 2337 Recusantibus
1533 2299 1596 2340 rero
1621 2287 1663 2341 vis
1678 2286 1757 2341 allata
1769 2288 1804 2342 ab

1001 2366 1178 2437 stipatoribus
1190 2370 1257 2435 suis,
1272 2370 1408 2443 plerisque
1419 2372 1545 2428 omnihus
1555 2373 1662 2441 Gothis,
1687 2393 1802 2447 quornm

1001 2456 1275 2527 operallomanoset
1299 2464 1433 2518 orientem
1462 2463 1578 2518 ludibrio
1602 2466 1704 2523 hahuit.
1732 2469 1803 2537 Quin

1000 2550 1081 2604 etiam
1096 2552 1235 2621 improbus
1250 2554 1290 2608 vir
1305 2556 1465 2625 Augustam,
1491 2558 1599 2627 nuptias
1621 2560 1680 2628 ejus
1701 2547 1800 2630 dopre-

1001 2652 1122 2713 cantem,
1132 2644 1186 2700 lanc
1198 2646 1315 2717 illucque
1330 2663 1391 2703 curn
1404 2660 1491 2705 matre
1505 2665 1553 2705 sua
1573 2652 1687 2721 proiecit
1706 2654 1733 2708 in
1755 2668 1803 2709 ex-

1000 2736 1087 2791 ilium.
1120 2737 1186 2808 Ejus
1204 2748 1294 2794 autem
1309 2741 1411 2795 amicas
1424 2742 1493 2796 lalso
1511 2743 1701 2800 condemnavit
1724 2746 1801 2801 adid·

1001 2828 1072 2882 terii.
1088 2827 1122 2884 ht
1136 2838 1191 2885 tres
1205 2831 1375 2901 potissimum
1394 2849 1427 2888 cx
1443 2833 1476 2888 iis
1494 2834 1599 2890 nobiles
1620 2834 1746 2892 immines
1760 2855 1803 2894 re·

999 2933 1094 2978 censet
1106 2922 1233 2988 Cceilins,
1247 2942 1306 2995 qum
1320 2941 1334 2979 a
1347 2926 1463 2996 quodam
1474 2926 1568 2983 lueao
1584 2930 1662 2999 hujus
1680 2932 1802 2989 criminis

1000 3009 1138 3070 immerito
1151 3029 1294 3085 accusatae,
1309 3019 1342 3073 ad
1362 3018 1524 3089 supplicium
1544 3020 1615 3075 inter
1635 3036 1736 3077 cuncos
1760 3038 1804 3077 ar-

1002 3117 1136 3164 matorum
1151 3109 1274 3166 deductae
1288 3121 1361 3166 stitit.
1384 3112 1527 3182 lrnpudens
1547 3129 1612 3170 vero
1625 3115 1804 3172 calomniator

138 3203 661 3277 hotresunrptusiacereposset,onmcs
672 3199 982 3266 iritolcrandisobrnitC
1000 3199 1110 3255 lodoeus
1126 3213 1217 3270 postca
1234 3203 1354 3273 patibulo
1369 3204 1475 3273 altinus,
1503 3221 1595 3260 earum
1621 3207 1801 3263 innocentiam

135 3297 333 3369 vectigalibus.
348 3296 485 3354 llarimini
502 3312 595 3368 porro,
608 3297 652 3367 qui
667 3312 698 3353 so
716 3293 852 3352 Caesarem
865 3299 946 3350 tertio

136 3394 203 3449 loco
217 3393 352 3448 nominari
367 3392 558 3448 molestissime
573 3391 689 3457 screbat,
704 3391 791 3444 rictus
804 3400 946 3445 cornuum·

137 3485 195 3554 cia,
214 3485 285 3541 tollit
299 3481 437 3542 Caesarum
453 3500 565 3551 numen,
581 3499 675 3554 seque,
690 3492 716 3536 ct
731 3481 864 3535 Licinium
886 3478 944 3534 hu-

134 3590 236 3653 gustus
250 3590 396 3650 nuncupat,
410 3589 438 3636 ct
459 3579 623 3635 blarentinm
639 3589 719 3648 atquc
732 3574 944 3631 Constantinum

134 3677 325 3747 Augustorum
340 3675 419 3731 tilios.
437 3676 470 3731 ht
484 3675 646 3730 llarirniuus
661 3674 686 3728 ci
707 3672 847 3743 rescripsit
867 3687 897 3727 se
917 3671 945 3726 in

134 3784 240 3840 campo
251 3767 345 3822 hlartio
357 3768 549 3839 imperatorem
565 3768 650 3823 luisse
665 3766 822 3822 salutatum.

172 3845 285 3917 53-35.
307 3859 408 3931 rigebat
427 3871 490 3915 toric
512 3859 634 3915 Galerius
657 3859 795 3913 decimum
817 3868 943 3913 octauum

135 3953 248 4025 irirpcrii
262 3953 304 4008 soi
315 3968 426 4020 annmn,
444 3967 507 4007 curn
517 3952 649 4007 horrenda
668 3952 747 4021 plane
760 3961 786 4006 et
800 3948 943 4004 insanabili

133 4047 161 4103 in
173 4046 300 4102 infcriori
310 4045 466 4116 genitalium
475 4053 551 4115 parte
562 4046 640 4115 plaga
650 4043 808 4115 percutitur.
819 4041 943 4098 Morbum

134 4144 335 4200 lmncCecilins
347 4152 448 4209 noster,
461 4152 488 4198 ct
500 4141 618 4197 remedia
631 4157 679 4211 per
692 4157 792 4196 annum
806 4139 942 4211 integrum

132 4235 274 4292 inutiliter
290 4235 420 4301 adhibita,
447 4235 504 4290 inse
527 4233 667 4289 describit.
696 4234 811 4289 lbivero
823 4232 942 4288 edictum

132 4330 259 4396 eslribet,
274 4328 344 4400 quod
358 4329 392 4384 ah
406 4328 501 4385 eodem
513 4325 632 4394 Galerio,
647 4327 704 4397 iam
715 4326 770 4396 jam
782 4326 939 4394 deliciante,

131 4423 162 4478 iia
177 4417 336 4477 christianae
349 4420 485 4489 religionis
496 4420 619 4490 gratiam,
634 4428 660 4474 ct
671 4429 701 4474 nt
716 4418 799 4474 [letnn
812 4420 942 4489 placaret,

131 4516 231 4571 datum
246 4522 299 4568 cst.
326 4511 366 4567 Eo
376 4521 467 4566 autem
478 4509 642 4567 Nicomedia>
653 4510 833 4581 promulgato.
849 4510 939 4564 haina-

1001 3292 1090 3362 palam
1111 3296 1220 3364 quidem
1242 3294 1406 3363 declararit,
1435 3297 1483 3352 scd
1504 3297 1615 3354 tardius.
1642 3299 1802 3356 Maximinus

999 3399 1084 3455 porro
1101 3387 1286 3454 Diocletiane,
1313 3389 1460 3459 Augustam
1484 3390 1511 3443 in
1533 3390 1619 3462 Syriae
1642 3392 1803 3448 solitudines

995 3480 1159 3548 'relegatam
1174 3483 1257 3534 variis
1268 3482 1447 3549 legationibus
1459 3482 1509 3536 sihi
1530 3484 1630 3537 remitti
1644 3486 1799 3555 postulanti,

999 3586 1108 3641 semper
1120 3570 1273 3641 denegavit.
1304 3571 1405 3627 iliadem
1421 3589 1503 3640 porro
1530 3582 1651 3642 ternpore
1671 3573 1801 3644 irnagines

999 3672 1028 3716 et
1045 3671 1139 3716 statum
1155 3660 1271 3716 llcrculii
1285 3671 1312 3716 ct
1325 3661 1482 3717 Diocletiani
1497 3659 1585 3716 adhuc
1609 3664 1733 3731 sinentis,
1756 3664 1800 3734 ju·

999 3751 1081 3809 bento
1095 3751 1283 3820 Constantino,
1297 3762 1465 3809 evertuntur.
1496 3751 1677 3821 Quamobrem
1692 3755 1798 3811 Diocle-

999 3848 1089 3902 tianus
1102 3845 1263 3901 intolerabili
1277 3846 1370 3902 dolore
1385 3846 1446 3902 inde
1457 3847 1587 3918 percitus,
1604 3849 1741 3920 vitamque
1752 3865 1800 3904 cx·

999 3955 1075 4006 osus,
1090 3950 1203 3994 mortem
1219 3938 1269 3995 sibi
1283 3949 1311 3995 et
1323 3940 1394 3996 lame
1409 3940 1550 4009 conscivit,
1565 3953 1593 3996 ct
1605 3957 1714 4014 angore.

1034 4029 1147 4087 de-tt.
1161 4035 1200 4087 h'x
1215 4030 1340 4088 ontnibus
1357 4033 1448 4104 itaque
1469 4032 1517 4088 Dei
1540 4032 1701 4090 adversariis
1726 4034 1800 4089 solus

999 4135 1142 4196 supererat
1163 4125 1334 4193 blaximluus,
1362 4126 1407 4196 qui
1433 4141 1494 4180 enm
1519 4125 1614 4180 Licinii
1644 4127 1799 4197 sororisque

998 4217 1167 4273 Constantini
1183 4218 1318 4290 sponsalia
1332 4228 1457 4287 suspecta
1473 4220 1584 4273 omniuo
1611 4218 1732 4283 haberet,
1759 4218 1799 4273 le-

997 4313 1066 4384 gatis
1081 4312 1194 4367 hornam
1209 4310 1309 4376 missis,
1324 4311 1413 4367 loedus
1426 4327 1487 4367 curn
1500 4311 1645 4379 Maxentio,
1661 4311 1727 4366 nihil
1739 4329 1796 4367 ιιιιι-

997 4406 1039 4475 gis
1052 4405 1077 4460 in
1092 4404 1163 4458 rotis
1178 4404 1295 4459 habente
1305 4403 1418 4474 pepigit.
1444 4402 1536 4458 ltornue
1560 4413 1650 4457 autern
1676 4413 1739 4459 tunc
1754 4404 1798 4459 hic

997 4502 1162 4565 morabatur,
1179 4514 1206 4557 et
1221 4500 1320 4559 bellom
1340 4502 1429 4557 cidem
1449 4499 1627 4557 Constantino
1652 4503 1795 4559 indixerat.

132 4601 180 4663 tu's
208 4620 269 4660 curn
295 4603 355 4660 aliis
380 4603 535 4659 christianis
565 4602 767 4658 conlesseribus
790 4617 806 4657 e
832 4583 982 4662 carcerali
996 4595 1098 4653 Verum
1117 4598 1162 4653 ubi
1177 4611 1236 4652 curn
1252 4596 1330 4651 hoste
1352 4598 1448 4668 praelio
1457 4596 1649 4653 decertandum
1661 4597 1719 4666 luit,
1735 4609 1798 4654 tuuc

130 4701 255 4757 eductus
267 4708 318 4754 cst.
342 4696 465 4754 Galerius
477 4712 543 4752 vcro
554 4698 668 4766 corquge
683 4710 730 4749 sua
742 4704 770 4749 ct
782 4694 837 4749 lilio
853 4695 879 4749 iu
895 4694 940 4751 L't·

130 4795 204 4851 ciuii
219 4808 327 4848 manum
341 4792 457 4860 traditis,
472 4789 592 4846 horribili
607 4789 668 4845 taho
689 4797 866 4857 consumptus
880 4801 938 4843 mo·

131 4887 220 4943 ritur.

176 4978 282 5034 sto-57.
308 4976 375 5033 'lum
389 4976 551 5032 llanhniuus
566 4981 676 5044 accepto
689 4974 784 5029 mortis
797 4973 854 5042 ejus
869 4989 939 5029 non-

130 5072 191 5138 tie,
213 5081 242 5125 ut
255 5070 407 5141 prouincias
421 5083 517 5124 omncs
529 5067 562 5124 ad
576 5067 675 5124 iretunr
690 5067 775 5139 risque
786 5067 934 5124 Chalcedo-

130 5170 233 5226 uicum
246 5167 348 5223 lucilius
361 5167 412 5222 sub
427 5165 557 5221 ditionem
570 5180 645 5221 suam
662 5163 846 5234 subjungeret,
874 5178 941 5218 cen·

130 5352 240 5411 cxinde
254 5353 341 5424 ipsum
367 5353 436 5407 inter
461 5366 494 5406 ac
513 5350 646 5405 Licinium
671 5348 818 5415 discordia,
842 5348 883 5404 ire
905 5348 941 5404 ad

129 5460 217 5503 arina
236 5446 291 5516 ianr
304 5448 390 5517 parati
403 5454 480 5500 crant
495 5461 502 5498 ε
515 5443 564 5498 sed
579 5457 670 5513 pacem
687 5443 713 5496 ιιι
733 5444 785 5497 hoc
797 5443 857 5511 ipso
870 5441 941 5498 heio

128 5541 224 5598 certis
247 5539 447 5595 conditionibus
471 5539 570 5593 l'ecere.
598 5536 690 5592 liebus
711 5537 747 5591 ita
767 5534 937 5603 compositis,

128 5633 302 5692 Masticium
314 5633 435 5688 securior
446 5631 508 5686 inde
521 5645 670 5699 regressus,
692 5629 812 5682 animum
827 5626 861 5681 ad
876 5642 939 5681 crit·

126 5726 253 5786 oiandos
260 5727 421 5783 christianes
429 5725 542 5797 appulit.
553 5723 732 5794 lussititaque
740 5719 864 5776 ciscliotli
874 5735 940 5776 ocu-

113 5800 198 5888 'tom
210 5828 235 5876 et
247 5835 343 5877 manos
357 5816 502 5894 amputari,
527 5816 672 5887 statimque
687 5827 772 5870 nosos
784 5813 811 5869 iu
827 5812 940 5885 provin-

996 4691 1113 4764 qoedam
1126 4691 1363 4758 territusoraculo,
1391 4692 1487 4763 pedem
1509 4700 1585 4749 extra
1610 4691 1712 4750 Urbem
1726 4695 1796 4751 terre

997 4786 1110 4840 minime
1123 4799 1203 4840 ausus
1214 4791 1266 4839 cst.
1283 4783 1370 4839 buces
1381 4784 1471 4857 itaque
1481 4785 1565 4852 misit,
1578 4786 1622 4857 qui
1635 4786 1793 4856 majoribus,

996 4891 1079 4947 quam
1094 4875 1297 4942 Constantinus,
1320 4875 1404 4944 copiis
1424 4875 1556 4937 instructi,
1586 4875 1672 4944 primo
1695 4876 1796 4946 intpcm

996 4969 1207 5039 prevaluerunt.
1234 4965 1401 5021 Cnnhrmato
1427 4974 1517 5020 tamen
1531 4963 1723 5021 Constantinus
1738 4969 1797 5022 ani·

997 5078 1054 5131 mo,
1066 5063 1165 5117 milites
1179 5061 1290 5132 propius
1302 5060 1336 5114 ad
1352 5059 1451 5115 llrbena
1464 5075 1480 5115 c
1494 5060 1604 5130 regione
1625 5065 1715 5132 pontis
1727 5064 1796 5119 liol-

995 5157 1033 5212 ιιι
1047 5156 1176 5221 admouit,
1192 5169 1224 5210 ac
1238 5155 1295 5209 riso
1320 5152 1425 5208 coelesti
1444 5152 1534 5207 crocis
1555 5154 1643 5223 signo,
1668 5163 1749 5227 atque
1769 5158 1795 5213 in

996 5248 1081 5305 scutis
1095 5254 1197 5310 notato,
1225 5244 1251 5299 iu
1274 5254 1412 5300 certamen
1438 5243 1588 5310 descendit,
1611 5261 1665 5312 qno
1685 5249 1795 5318 paribus

995 5341 1094 5397 animis
1108 5347 1264 5410 pugnatum.
1278 5334 1418 5390 Nuntiatur
1429 5334 1454 5390 ιιι
1466 5333 1569 5399 Romae,
1587 5337 1668 5406 litque
1679 5339 1794 5408 seditio,

995 5435 1150 5506 increpatur
1171 5430 1331 5494 blarxeutius,
1354 5438 1381 5484 et
1400 5428 1427 5483 iu
1447 5428 1622 5484 Circensibus
1638 5429 1708 5506 halis
1724 5433 1794 5487 Con·

995 5528 1145 5583 stantinum
1160 5525 1231 5580 vinci
1246 5538 1298 5577 non
1313 5537 1395 5593 posse
1412 5524 1604 5578 conclamatur.
1632 5522 1679 5578 llis
1693 5524 1796 5582 elamo-

995 5621 1071 5675 rihus
1085 5627 1222 5690 permotus
1235 5616 1388 5690 Tyrarrnus,
1414 5624 1442 5671 et
1458 5631 1589 5686 responso
1602 5633 1635 5670 ex
1654 5617 1730 5673 hbris
1749 5618 1793 5674 si·

996 5713 1106 5787 byllinis
1120 5721 1243 5782 accepto,
1260 5709 1383 5781 procedit
1395 5709 1421 5763 in
1435 5709 1532 5772 aciem,
1549 5722 1635 5780 pirgua
1653 5712 1795 5767 rcerudrs·

995 5806 1045 5874 cit,
1061 5814 1177 5862 terretur
1190 5805 1246 5872 ille,
1260 5802 1457 5873 allegataque
1471 5800 1534 5856 ιιιιιιι
1549 5803 1618 5858 elabi
1633 5805 1792 5877 corinititur,
