4142 6184
47 237 49 248 ’
166 274 218 334 ans
529 275 683 338 ussum.
702 276 736 338 tn
754 275 820 340 uta.
840 274 885 335 on
903 272 1079 337 uonrtous
1092 273 1284 340 naussum.
1302 277 1379 341 cuo.
1399 282 1456 341 ιιι.
1762 287 1817 348 sos

47 415 48 418 ι
164 387 193 447 in
216 387 316 461 palude
344 384 470 450 obrutum
502 407 601 465 caeno;
628 396 665 453 ita
688 403 719 452 nt
738 395 811 454 itlius
838 395 965 465 cadauer,
979 402 1005 465 Α
1018 395 1235 453 conduceretur.
1247 396 1382 457 Praeterea
1395 399 1491 471 sapon
1506 402 1580 474 terga
1593 399 1716 473 prebere
1733 413 1818 477 coge·

164 482 390 556 quemadmodum
405 484 433 541 hi
443 484 498 543 duo
508 492 675 559 posteriores
689 489 837 558 tradidere,
851 503 905 545 uon
916 504 964 559 po·
1015 489 1106 559 batur,
1118 501 1147 546 ut
1158 491 1441 564 impositminquiebat
1451 494 1579 559 Cocillus,
1589 496 1741 569 pederuprn
1755 499 1819 555 dor·

163 573 247 631 tuerit
259 573 384 631 inueniri.
400 575 522 649 benique
534 577 562 633 in
578 577 732 636 Eusebiano
743 578 879 637 Chronico
892 579 965 650 (Em
1014 597 1071 636 aaut
1084 585 1150 657 ejus,
1172 591 1218 638 aut
1238 597 1348 655 ιιιιιιιι,
1369 595 1416 643 aut
1427 585 1582 643 uehiculum
1608 590 1817 649 conscenderet.

163 670 217 727 acl.
233 669 343 739 Claram,
357 670 392 727 ad
412 685 478 729 ann.
500 671 598 729 Cirrirt.
613 673 691 747 151)
707 673 806 731 dicitur
818 675 925 735 occisus
937 677 964 733 in
1015 677 1106 735 Alium
1121 693 1187 735 vero
1202 687 1283 736 muta
1297 683 1470 740 contumeliae
1495 694 1591 742 testem
1608 685 1632 743 si
1648 687 1771 758 petieris,
1783 703 1819 746 en

163 763 270 836 dhrito,
295 764 365 832 sire,
390 775 421 822 ut
444 766 481 824 ait
495 765 647 825 lornandes
662 765 829 842 (duranum,
853 770 886 825 dc
910 767 963 827 rel.
1015 770 1140 828 Aurelius
1172 770 1385 847 victortsnret.
1418 774 1498 844 Vict,
1524 776 1597 851 Epis.
1625 781 1656 835 dc
1692 779 1779 838 Vulcr.
1793 781 1817 858 ),

165 859 235 927 Cet..
249 877 309 931 rap.
325 859 392 934 18).
407 859 442 917 ad
454 862 591 933 abritum,
613 863 966 922 postcommuniones
1016 862 1128 933 ipsaque
1150 862 1210 934 cius
1233 864 1315 923 rerba
1330 882 1337 920 :
1353 885 1363 919 ι
1379 865 1512 936 Quamdiu
1527 869 1604 936 uixit.
1617 870 1744 944 sapores
1760 873 1819 932 lica

162 967 357 1025 saneqtmrum
369 953 482 1025 uestigia
506 964 612 1025 premat
624 955 741 1013 cecilius
762 966 864 1022 noster,
876 966 905 1014 et
918 972 967 1014 cur
1016 955 1138 1026 eiusdem
1163 958 1320 1028 prouinciae,
1336 958 1475 1018 incurvato
1486 977 1532 1028 co,
1555 962 1651 1034 pcdem
1668 966 1820 1025 cervicibus

162 1043 301 1103 addiderit
314 1043 391 1103 liecii
404 1046 629 1118 corpusjacuisse
642 1046 744 1106 ieriset
757 1048 967 1122 uolucribnspa·
1016 1047 1077 1120 ejus
1088 1048 1240 1120 imponens,
1254 1065 1353 1122 equium
1364 1052 1513 1112 ascendere
1522 1055 1637 1111 solebat.
1650 1076 1660 1112 r
1672 1057 1819 1129 Addamus,

161 1139 269 1198 putum,
1016 1140 1041 1197 si
1053 1141 1138 1208 lubet,
1152 1152 1180 1199 et
1191 1141 1316 1200 Orosium
1330 1142 1341 1216 (
1356 1144 1445 1212 Oros,
1461 1147 1505 1203 tit.
1525 1164 1560 1204 un
1578 1148 1660 1218 illic,
1675 1168 1734 1223 cup.
1748 1152 1786 1208 22
1797 1153 1820 1226 )‚

301 1306 352 1321 ..
410 1229 559 1320 tnrtcnuns
578 1229 722 1274 SECUNDUS·
861 1308 867 1322 ι
948 1307 954 1321 ι
1017 1232 1046 1291 id
1058 1236 1099 1291 sic
1111 1245 1295 1292 enarrantem.
1313 1255 1323 1289 c
1341 1235 1491 1310 imperator
1504 1242 1594 1312 populi
1610 1243 1724 1300 Romani
1745 1247 1822 1316 iguo·

163 1305 206 1365 De
220 1305 353 1364 immam
363 1306 533 1382 lmvttss'tlm
544 1310 727 1380 pnmcntionc,
742 1310 849 1380 1111113
858 1322 968 1381 'siml‘
1017 1326 1210 1384 miniosissima
1224 1328 1295 1400 apud
1303 1328 1400 1386 Persas
1410 1332 1539 1389 seruitute
1549 1335 1703 1401 consenuit,
1716 1335 1768 1393 hoc
1780 1337 1824 1393 iu·

238 1403 489 1471 &mitissimam
503 1403 569 1475 llll!e
583 1405 894 1486 1101111101181141111611·
1017 1415 1098 1475 ianuis
1107 1419 1189 1476 cilicii
1199 1422 1337 1491 contium,
1353 1420 1440 1479 donec
1453 1424 1529 1493 vixit,
1544 1425 1719 1484 damnatione
1738 1429 1821 1486 sorti·

193 1515 505 1589 Nonmultoposthecii
516 1516 671 1583 interitum.
682 1514 967 1589 aithcilins(Cccil.,
1018 1519 1062 1568 tus
1076 1551 1085 1580 ,
1101 1521 1131 1567 ut
1141 1513 1199 1584 ipse
1214 1511 1337 1582 acclinis,
1352 1530 1444 1588 regem
1471 1531 1581 1588 semper
1603 1534 1780 1579 ascensorum
1793 1519 1822 1579 in

159 1627 223 1684 cup.
238 1609 257 1668 5
270 1608 293 1683 ),
307 1609 334 1666 id
348 1618 400 1679 est,
412 1624 485 1666 anuo
506 1606 607 1665 Christi
626 1608 682 1666 255
694 1611 765 1666 circa
777 1622 898 1666 mensem
912 1608 970 1664 Au·
1018 1618 1118 1678 equum
1129 1620 1183 1662 noo
1197 1622 1279 1664 mauu
1289 1622 1349 1675 sua,
1365 1607 1413 1664 sed
1425 1608 1519 1675 dorso,
1530 1610 1677 1668 attolleret.
1696 1629 1708 1665 ι

158 1714 272 1776 gustum
298 1701 455 1760 Valerianus
478 1712 586 1760 meatur
609 1703 766 1775 inperator,
780 1716 812 1758 ac
834 1701 916 1760 simili
940 1701 968 1757 in
1054 1696 1094 1754 lle
1105 1707 1196 1755 autern
1208 1706 1284 1755 taoto
1297 1699 1425 1758 dedecori
1437 1702 1590 1759 conuicium
1612 1704 1721 1777 aliquod
1743 1706 1823 1766 dees·

158 1796 329 1854 christianos
351 1796 445 1854 lurore
456 1805 609 1867 correptus,
624 1796 732 1852 multum
758 1796 874 1868 munina
900 1793 967 1850 beai
981 1802 1005 1864 Β
1018 1801 1072 1861 ιιι,
1087 1793 1222 1864 superbus
1235 1793 1321 1865 Sapor
1334 1794 1464 1853 miserum
1486 1797 1679 1869 imperatorem
1699 1801 1739 1857 sic
1757 1816 1824 1859 cou-

158 1896 289 1963 tempora,
298 1889 410 1962 juatild
424 1901 478 1958 est,
489 1890 782 1962 christianissimum:
796 1890 873 1963 fudit.
883 1888 964 1946 Plura
1015 1886 1160 1955 sulcando,
1176 1902 1238 1944 curn
1254 1889 1310 1944 risu
1324 1888 1362 1944 illi
1377 1889 1560 1961 exprobrabat
1571 1892 1638 1948 illud
1655 1909 1710 1949 carc
1722 1909 1820 1964 uuum,

157 1993 256 2040 autem
269 1981 305 2038 dc
317 1980 568 2054 hacpersccutione
581 1990 673 2037 narrat
686 1980 821 2038 Eusebius
834 1982 847 2053 (
857 1979 962 2049 Eusch,
1016 1981 1054 2038 ita
1067 1983 1157 2040 adhue
1177 1984 1294 2041 Cecilius
1321 1996 1414 2043 noster
1438 1987 1559 2059 loquitur
1573 1989 1677 2061 (Cocli,
1691 2007 1750 2065 rap.
1766 1994 1785 2049 5
1798 1992 1821 2063 l,

157 2075 207 2133 tit.
227 2090 264 2132 ιιι
278 2073 378 2132 llictor.
394 2074 507 2142 Ecetra..
522 2092 580 2147 cup.
597 2074 631 2133 tt
646 2085 669 2132 ct
685 2076 716 2132 ll
727 2075 738 2148 l
751 2091 785 2132 ex
801 2075 919 2148 Dionysii
930 2075 964 2132 ad
1017 2091 1070 2131 uon
1081 2076 1149 2146 quod
1163 2076 1191 2131 iu
1201 2076 1306 2145 mictu,
1321 2087 1367 2133 cut
1382 2080 1522 2148 parictibus
1535 2081 1649 2138 Romani
1675 2085 1820 2157 pingerent.

157 2169 403 2228 llermammoocm
425 2168 550 2241 epistola,
573 2170 601 2225 io
623 2184 674 2241 qua
690 2168 797 2239 quidem
821 2168 967 2240 scripserat
1016 2169 1147 2228 Obscuris
1160 2180 1252 2227 autem
1268 2172 1310 2229 liis
1327 2172 1418 2229 verbis
1427 2175 1562 2247 significat
1574 2175 1705 2249 Saporem
1721 2179 1823 2239 dixisse

156 2264 271 2323 nullum
292 2264 461 2336 superiorum
485 2264 637 2337 principum
659 2268 733 2318 ιιιιιι
757 2260 925 2318 humanitate
937 2272 966 2319 et
1018 2259 1096 2317 lictas
1109 2272 1155 2318 aut
1168 2262 1247 2336 louge
1261 2264 1452 2323 minoresessc
1467 2268 1680 2340 victoriosorum
1694 2272 1821 2342 Romani,

156 2352 531 2414 beneuolentiacbristianus
545 2355 727 2427 complexum,
743 2363 872 2428 quanam
886 2354 967 2413 Vale·
1017 2353 1057 2411 uti
1081 2354 1228 2427 Gregorius
1252 2354 1437 2414 Nazianzenus
1476 2360 1710 2438 observatu-'rap
1737 2364 1822 2435 Nnc,

155 2450 258 2507 nanus
270 2448 313 2507 sui
328 2448 492 2522 principatus
506 2449 584 2506 initio
597 2448 623 2505 in
640 2462 687 2505 eus
700 2447 802 2505 babuit.
811 2447 965 2518 Quinetiam
1019 2444 1095 2502 Orat.
1109 2446 1163 2502 bin
1176 2445 1277 2502 tumn.
1289 2448 1359 2502 circa
1372 2449 1441 2503 med.
1453 2447 1477 2523 ),
1493 2452 1521 2506 in
1538 2451 1637 2509 tabulis
1651 2463 1698 2510 aut
1711 2456 1823 2527 parieti·

157 2552 233 2613 tcta,
248 2540 354 2612 aitille,
367 2541 467 2602 lamilia
481 2541 542 2616 ejus
555 2544 596 2599 sic
610 2541 661 2614 piis
675 2540 829 2598 bominibus
846 2540 967 2597 abunda·
1017 2542 1068 2598 bns
1081 2540 1279 2612 depingebant;
1295 2556 1372 2598 suam
1390 2552 1481 2599 autern
1509 2543 1544 2601 de
1563 2544 1695 2604 Romanis
1716 2563 1821 2617 reram,

157 2636 209 2694 bat
219 2653 229 2705 ς
241 2644 271 2692 ut
282 2635 330 2693 Dei
343 2635 480 2694 rideretur
489 2651 550 2693 esse
562 2634 694 2693 Ecclesia.
1018 2644 1064 2692 aut
1077 2635 1208 2708 majorem
1221 2635 1362 2692 uictoriam
1387 2637 1469 2694 toties
1483 2637 1689 2700 euidentissime
1702 2642 1822 2713 probari,

198 2730 410 2802 Veaumpostea
424 2729 564 2803 cujusdam
578 2744 718 2803 magorum
734 2729 761 2786 io
778 2727 896 2802 Egypto
909 2741 969 2784 ma·
1017 2729 1454 2802 quotiesequnmautrcliiculum
1477 2742 1652 2803 ascensurus,
1673 2734 1771 2807 pedem
1793 2733 1823 2792 in

156 2822 255 2896 gistri,
270 2832 299 2879 et
323 2822 528 2896 archisynagogi
551 2821 772 2894 persuasionibus
801 2820 837 2878 ad
855 2818 967 2877 eosdern
1018 2821 1155 2880 Valeriani
1166 2821 1276 2879 dorsum
1290 2820 1455 2894 imponebat.

157 2916 332 2976 christianos
344 2918 480 2975 dirissime
491 2918 685 2976 excruciandos
694 2917 813 2975 animuin
824 2916 966 2975 conveni.
1057 2914 1186 2985 Quamuis
1198 2923 1288 2971 autem
1300 2915 1409 2987 longum
1425 2915 1505 2975 luerit
1520 2919 1660 2989 umbrosa
1670 2920 1743 2980 illius
1756 2939 1823 2999 cap-

158 3011 235 3071 Tusn
250 3012 439 3085 reroimpleta
452 3021 506 3083 est,
522 3012 644 3069 attidem
664 3010 969 3081 Eusebiusbecloan-
1018 3007 1131 3064 tiritatis
1147 3016 1270 3081 tempus,
1295 3008 1457 3064 miserabilis
1482 3020 1572 3067 tameo
1599 3012 1645 3071 ille
1675 3014 1823 3088 imperator

158 3107 208 3165 nis
224 3107 252 3164 ln
267 3105 431 3180 Apocalypsi
452 3106 592 3179 praedictio
611 3123 618 3161 ι
634 3105 667 3161 Et
679 3104 769 3161 datum
789 3113 826 3161 ιιι
839 3104 917 3162 illios
928 3105 969 3161 lo·
1019 3102 1141 3169 nullum,
1155 3103 1192 3157 ait
1217 3100 1334 3158 Cecllius
1349 3100 1359 3175 (
1374 3100 1466 3168 cccii..
1490 3101 1578 3177 illd),
1606 3113 1688 3164 tautae
1714 3110 1824 3179 iniuriae

157 3218 247 3271 gum
259 3215 355 3274 magna
370 3210 395 3258 ct
407 3201 498 3270 impin,
514 3211 538 3257 et
564 3201 626 3256 dcta
645 3209 684 3257 ert
696 3201 737 3257 illi
748 3210 861 3275 potestur
884 3191 1005 3275 [camec
1022 3194 1136 3251 ultorem
1151 3193 1270 3266 inuenit«,
1287 3208 1338 3249 nec
1361 3192 1396 3247 ab
1422 3193 1477 3249 ullu
1495 3210 1630 3268 nonnam,
1656 3214 1691 3256 ue
1710 3202 1822 3273 proprio

156 3309 267 3350 υιιιιιιιι
283 3292 453 3365 quadromonte
463 3292 720 3368 duosplpoculyps„
734 3310 793 3365 cop.
810 3294 856 3361 13,
874 3292 911 3364 y.
928 3293 969 3365 5),
1021 3284 1131 3358 quidem
1142 3285 1197 3342 lilio
1208 3302 1257 3342 suo
1269 3285 1395 3352 datiano.
1409 3288 1541 3358 repetitus
1553 3292 1650 3348 estha
1661 3293 1758 3351 deboc
1768 3295 1823 3354 Ga·

158 3383 190 3443 id
205 3393 260 3453 cst,
273 3401 359 3442 auitos
368 3385 448 3454 duos,
457 3395 486 3443 ct
499 3400 607 3444 meuses
620 3402 680 3451 ser,
695 3401 742 3457 per
752 3401 822 3458 quos
832 3401 966 3444 summam
1021 3378 1094 3435 lieno
1107 3379 1216 3450 scripsit
1224 3378 1377 3436 Trebellius
1404 3380 1510 3454 Pollio(
1527 3381 1598 3439 Poll.
1611 3384 1644 3440 dc
1667 3384 1822 3462 γωνίαι)

157 3479 189 3537 irr
201 3479 371 3537 christianos
381 3479 506 3537 adhibuit
515 3477 714 3537 crudelitatem.
727 3478 760 3535 Et
770 3490 845 3537 certe
856 3479 969 3551 Optatus
1020 3487 1095 3540 eum.
1105 3482 1243 3543 comperta
1255 3475 1339 3544 patris
1352 3475 1394 3531 sui
1410 3473 1595 3547 indignissima
1608 3481 1775 3550 captivitate,
1787 3482 1823 3542 de

158 3575 171 3648 y
189 3572 297 3643 Optat„
309 3572 355 3629 aa,
374 3588 393 3629 u
408 3572 440 3628 Α,
452 3572 566 3629 syram,
581 3570 689 3641 ponar„
702 3570 717 3644 y
731 3569 760 3644 8)
774 3571 863 3628 arphat
876 3572 971 3629 pecte.
1020 3579 1073 3634 qua
1086 3564 1260 3636 pleriqucaut
1271 3567 1485 3633 murmurabant,
1496 3567 1688 3638 autdolebaut,
1699 3576 1823 3644 gavisum

157 3669 213 3726 sim
225 3664 442 3739 persecutionem
449 3666 500 3723 sub
511 3665 592 3723 Decio
599 3675 627 3723 et
634 3664 779 3723 Valeriano
790 3664 875 3720 instar
886 3664 970 3722 luisse
1020 3655 1182 3727 quibusdam
1197 3657 1370 3728 tetpoodlsse
1384 3675 1391 3712 ι
1405 3656 1525 3716 Sciebam
1545 3670 1644 3731 patrem
1660 3679 1745 3720 mcum
1764 3682 1819 3725 erac

159 3763 268 3831 leonis,
277 3762 323 3834 qui
332 3775 385 3817 una
397 3768 455 3819 erat
467 3776 500 3817 ex
509 3759 736 3832 quatuorcentis,
748 3774 815 3830 quas
826 3757 921 3815 Daniel
934 3758 969 3815 do
1021 3750 1166 3806 mortuum.
1177 3749 1232 3807 Sed
1246 3750 1345 3807 ibidem
1356 3751 1453 3819 Pollio,
1461 3765 1554 3810 contra
1562 3753 1655 3813 Cecilii
1668 3759 1755 3816 nostri
1763 3758 1823 3832 opi-

157 3853 237 3913 mari
247 3850 803 3927 ascendeutescoospeaeratlbunicl,cup.
816 3866 863 3920 rra,
878 3846 968 3922 Ml·
1021 3843 1142 3912 niouem‚
1166 3855 1221 3901 tres
1244 3844 1322 3901 nobis
1349 3854 1526 3917 repraesentat
1559 3846 1700 3919 epistolas,
1726 3851 1825 3922 quibus

199 3951 240 4007 At
255 3948 414 4007 Valerianus
425 3956 507 4005 tantm
529 3954 637 4019 umque
655 3946 753 4017 iniquae
766 3944 969 4002 inhumanitatis
1020 3936 1176 4005 hebaldus,
1190 3937 1307 3995 bassaus
1325 3947 1354 3996 et
1372 3938 1539 3998 Arnbasdes
1564 3956 1644 4015 reges
1669 3943 1824 4006 libertatem

157 4041 305 4116 singulare
316 4055 440 4113 prorsus,
455 4047 483 4096 et
496 4037 627 4096 hactenus
645 4037 795 4095 inauditum
818 4036 870 4094 luit
880 4050 969 4108 piena
1022 4028 1160 4087 Valeriani
1182 4046 1197 4086 a
1223 4032 1327 4104 Sapore
1345 4033 1560 4103 postulauerunt.
1581 4033 1764 4104 Quamobrem
1779 4038 1824 4096 has

157 4131 613 4209 suppliciiquegenus.Enimvero
631 4140 751 4202 captusa
766 4129 867 4198 Persis,
882 4129 969 4201 inquit
1019 4122 1144 4195 epistotae
1166 4122 1267 4181 Cecilio
1289 4125 1466 4195 incomperta
1486 4128 1599 4184 omniuo
1611 4128 1746 4198 videntur.
1767 4130 1822 4189 nisi

158 4235 263 4285 auctor
284 4224 395 4298 muster(
409 4223 502 4290 Cccil..
527 4239 585 4296 cup.
606 4221 658 4295 5),
677 4221 832 4293 turpissima
849 4222 917 4278 vixit
939 4221 967 4277 in
1020 4218 1175 4290 pmbareris
1188 4219 1256 4274 nihil
1274 4219 1346 4274 aliud
1363 4217 1422 4290 clus
1445 4219 1539 4277 uerbis
1562 4220 1721 4294 significari,
1737 4238 1820 4295 quam

158 4322 309 4390 servitute,
323 4319 366 4377 uel
376 4317 603 4390 quemadmodum
617 4315 780 4389 Eutropius(
790 4314 879 4379 Eun..
890 4314 966 4370 Brea.
1019 4328 1099 4384 psum
1112 4328 1128 4368 a
1142 4313 1216 4369 nullo
1226 4313 1338 4369 bomine
1349 4313 1537 4382 {domnamant
1549 4312 1680 4372 Romanis
1694 4316 1817 4385 subdito,

159 4416 231 4471 laist.
240 4412 331 4482 lione,
347 4412 392 4468 tit.
408 4428 436 4469 ιι
448 4411 457 4485 )
470 4420 498 4469 ιι
507 4409 633 4469 Aurelius
647 4408 741 4466 lictor
755 4409 766 4481 (
780 4408 871 4466 Aurcl.
888 4407 967 4477 Vict,
1020 4404 1104 4463 luisse
1119 4407 1276 4478 repetitum.
1447 4401 1450 4409 '

160 4504 242 4579 Epic.
256 4504 288 4560 dc
305 4502 391 4559 Vulcr.
406 4502 553 4576 luarrant,
566 4501 671 4575 ignobili
684 4501 805 4557 amoime
815 4500 967 4566 comenutt,·
1057 4497 1142 4553 Porro
1155 4507 1246 4553 autem
1260 4512 1294 4554 us
1313 4496 1431 4555 infamiae
1455 4507 1536 4555 notae
1555 4508 1618 4556 nota
1638 4516 1751 4559 romanu
1770 4518 1820 4561 no·

160 4598 193 4655 in
211 4596 321 4654 Eusebil
341 4604 432 4652 autem
453 4606 480 4652 ct
505 4593 657 4651 Cassiodori
676 4590 813 4649 Chronico
836 4591 966 4666 :tacut
980 4586 1007 4649 b
1020 4589 1086 4646 mini
1100 4590 1133 4646 ct'
1145 4591 1244 4648 uirenti
1270 4593 1426 4664 imperatori
1454 4593 1559 4661 inusta,
1578 4594 1724 4666 aliquando
1747 4596 1824 4656 delei

161 4689 291 4746 chronic.
306 4686 341 4742 ad
356 4685 508 4754 eadbrict,
521 4683 700 4756 caemcnto.
717 4682 829 4756 Chion.)
842 4682 970 4742 Servitute
1024 4693 1111 4752 retur,
1136 4682 1217 4755 jussit
1237 4684 1333 4758 Sapor,
1356 4685 1395 4742 uti
1415 4687 1454 4742 ait
1479 4694 1575 4743 auctor
1598 4699 1703 4757 noster,
1716 4687 1825 4748 detrahi

163 4779 313 4837 ιιι1ιιια1111
337 4779 502 4837 consenescit.
515 4777 582 4834 llam
603 4778 745 4835 Persarum
774 4790 834 4844 rex,
857 4773 971 4851 sapum
1023 4785 1133 4833 mortuo
1147 4776 1291 4835 llaleriano
1308 4788 1407 4849 cutem,
1434 4794 1549 4852 eamque
1574 4781 1658 4838 rubro
1672 4782 1766 4840 colore
1780 4782 1825 4840 in·

161 4889 230 4943 um
248 4889 289 4942 eo,
309 4873 395 4943 lnquit
417 4871 567 4929 Trebellius
577 4870 663 4927 Pollio
674 4869 684 4943 (
694 4867 789 4936 Pollio,
806 4866 838 4923 dc
853 4864 937 4923 luto.
947 4866 970 4942 ),
1023 4868 1145 4937 tinctam,
1159 4871 1187 4926 iu
1203 4870 1303 4942 templu
1317 4871 1494 4928 barbarorum
1509 4871 1637 4943 appendi.
1652 4874 1825 4946 Quapropter

164 4977 197 5023 ιιι
225 4964 271 5022 nili
294 4976 318 5021 ιι
345 4965 442 5039 abjecto
463 4963 590 5037 tnuuripio
628 4962 787 5033 loquebatur.
810 4960 968 5027 Postremo,
1022 4960 1220 5019 Constantinus
1242 4962 1354 5034 hlagnus
1368 4964 1396 5018 io
1420 4977 1469 5018 sua
1483 4962 1518 5018 ad
1543 4971 1699 5020 sauctorum
1721 4975 1825 5023 coetum

164 5063 195 5118 in
213 5060 381 5134 αιχμυὺιιιιιυ
395 5061 465 5128 utici
500 5059 642 5126 καταστὰς,
661 5055 742 5112 rerba
773 5064 836 5111 sunt
869 5051 971 5109 Zosimi
1023 5056 1147 5112 oratione
1161 5056 1332 5113 Valerianum
1358 5055 1411 5121 his,
1425 5069 1485 5126 quae
1509 5053 1642 5112 Eusebius
1656 5056 1741 5114 relect
1756 5055 1825 5131 (Eu-

164 5153 309 5229 (Zoains..
329 5155 374 5211 tit.
389 5169 400 5210 ι
414 5152 514 5210 linter.
526 5151 551 5227 ),
564 5155 638 5229 παρὰ
644 5153 753 5230 ιι1ρσαις
772 5152 815 5208 τὸν
827 5150 883 5224 βίον
899 5149 966 5206 tus·
1021 5147 1087 5214 acb..
1098 5147 1231 5203 Constant.
1247 5147 1322 5203 Orat.
1335 5147 1370 5201 ud
1381 5156 1464 5202 sanct.
1480 5156 1550 5214 cut„
1561 5163 1587 5202 c.
1598 5146 1657 5221 st),
1675 5148 1764 5207 serbis
1780 5150 1824 5207 al.

163 5250 240 5316 λιιι,
251 5249 372 5324 μεγίστην
382 5247 542 5321 maxumis
555 5247 690 5319 casemari
703 5249 833 5319 ταῦτατῷ
845 5242 973 5316 Ῥωμαίων
1022 5239 1142 5313 loquitur
1158 5255 1166 5295 ι
1181 5258 1192 5295 ι
1206 5241 1228 5295 lt
1248 5239 1363 5311 Sapore,
1375 5240 1518 5296 Persarum
1543 5254 1623 5311 rege,
1641 5240 1762 5299 detracta
1777 5242 1827 5302 tibi

165 5341 278 5416 ὀνόματι
290 5341 488 5403 matricuriae.
502 5337 676 5409 Αιιιιιιιιίρῆ
698 5337 967 5410 fortunamrcdurtur,
1023 5343 1096 5402 cute,
1109 5333 1213 5391 corrdiri
1237 5333 1349 5406 jussus,
1379 5334 1571 5404 sempiterotun
1595 5333 1757 5391 calamitatis
1772 5346 1826 5394 luae

149 5433 202 5488 .1ιι
215 5431 461 5488 mdemmuairionc
477 5431 547 5504 opud
574 5428 668 5485 Persas
694 5426 793 5485 uiuendi
808 5427 970 5498 fincmtccit,
1024 5426 1516 5499 tropcenmspectaodumpraebuisti.»
1531 5426 1828 5505 ὑπὸῑαπώρουιιιρσῶυ

170 5515 418 5584 ursimadcdcc’orc
431 5525 531 5582 romum
543 5520 967 5594 aecumsapudportcroarclicta.
1023 5522 1163 5595 βασιλέως,
1186 5520 1321 5602 ἐκδαρῆναι
1347 5521 1502 5586 κελευσθεὶς,
1522 5523 1564 5575 καὶ
1579 5522 1744 5597 ταριχιυιιις
1765 5520 1828 5596 rpi-

208 5620 251 5679 ad
264 5621 400 5679 servitutis
409 5634 489 5691 porro
496 5618 670 5692 ignominiam
677 5616 743 5674 illud
750 5612 970 5688 accessit,quod‚
1020 5625 1099 5674 scinu
1115 5625 1162 5679 rac
1187 5621 1286 5673 σαυτοῦ
1313 5614 1462 5688 δυστυχίας
1475 5613 1590 5676 iuream
1602 5615 1708 5670 αιώυιιυ.
1725 5611 1829 5671 Eadem

171 5721 242 5771 testa
272 5712 450 5771 Constantino
474 5711 580 5785 Μιςιιο,
619 5709 736 5769 vinculis
758 5716 882 5778 obustus,
908 5721 972 5766 cum
1022 5705 1103 5766 habet
1118 5707 1217 5766 Petrus
1238 5707 1370 5765 Patricius
1382 5707 1467 5779 (Pctr.
1482 5705 1559 5762 Patr.
1585 5704 1695 5777 Except.
1708 5704 1828 5778 Legat),

170 5803 318 5880 chlamyde
333 5819 470 5879 purpurea
492 5812 521 5863 ιι
540 5806 645 5880 reliquo
667 5802 801 5879 imperiali
823 5800 898 5861 cultu
919 5800 973 5863 cir·
1022 5797 1149 5872 quamvis
1163 5798 1295 5871 agathias
1307 5800 1428 5874 (sporn,
1441 5799 1461 5854 l.
1478 5814 1514 5866 rr,
1527 5797 1559 5854 dc
1572 5796 1829 5873 delmestlmtin.)
1864 5871 1869 5880 Ι

373 5899 598 5964 Paruumvll.
1443 5892 1483 5954 29
