4142 6184
297 245 349 305 rur
987 245 1089 303 natata
1110 244 1238 303 nrtunnt
1483 235 1487 242 “
1863 252 1908 311 ιιι

297 377 361 418 aera
374 359 472 417 Clrristi
490 357 658 432 bionysianae
671 360 741 428 sbi,
757 360 852 416 Franci
875 368 957 415 tutam
979 359 1092 414 Galliam
1108 370 1132 425 Α
1182 360 1261 415 Atrdit
1273 361 1368 416 scelera
1383 376 1440 431 qtttr
1451 362 1527 430 ferit,
1544 369 1596 417 etr.
1612 362 1726 432 llueest,
1737 372 1908 437 quamprimum

297 436 495 506 pervasissent,
515 440 543 487 et
562 433 588 488 iu
608 431 743 487 Britannia
764 432 864 488 Gallica
886 430 1092 497 consedissent,
1146 447 1210 487 roro
1234 431 1266 486 ud
1290 430 1493 488 Constantinum
1525 434 1574 488 init
1598 433 1741 502 adductus,
1762 438 1911 506 exprobrarit

297 506 369 576 quod
380 518 424 559 rna
438 503 559 573 nuspiam
581 504 672 575 legere
692 505 820 568 memiui;
837 512 929 558 cantra
954 517 1034 562 rcro.
1052 502 1093 556 di·
1146 502 1184 557 illi
1198 499 1409 566 Constantinus,
1425 505 1560 575 qrromodu
1576 519 1628 559 non
1643 521 1671 559 se
1692 522 1738 574 pro
1759 518 1828 579 patre
1839 520 1911 567 etsu.

298 574 454 630 tenuissima
477 574 548 646 apud
563 574 745 644 Epirrlmrdum
770 585 797 630 et
817 575 894 631 alios.
919 572 995 630 ldae
1015 572 1096 628 batn·
1146 575 1359 645 ceropessisset.
1380 574 1427 630 sed
1454 575 1600 640 scelerata,
1626 576 1714 645 impie,
1732 577 1834 647 perlida.
1855 581 1910 639 rau

297 646 387 714 aium,
403 644 436 699 ad
452 645 510 700 bac
525 648 625 711 rerba,
644 648 733 701 relicta
747 647 856 702 militum
870 655 960 716 parte,·
975 652 1003 701 et
1015 659 1095 715 quem
1147 654 1236 699 atatem
1250 645 1368 701 detracta
1384 647 1409 701 ei
1423 647 1520 711 restls;
1537 648 1711 716 aedemque,
1737 658 1862 720 postquam
1881 654 1910 709 ltu

349 719 374 771 ui
388 716 494 781 malim,
508 715 652 784 Cunerum.
1147 715 1242 772 luisset
1255 717 1418 786 increpitus,
1431 718 1484 772 rita
1498 718 1614 773 dunatus
1627 727 1678 773 est.

358 789 471 842 ritannia
483 786 583 843 Gallica
595 789 647 843 boc
670 804 767 845 nornen
782 788 886 857 accepit
905 786 977 843 eirca
993 801 1093 842 annuam
1189 786 1278 842 Vertis.
1297 788 1377 858 {legia
1393 788 1506 845 scilieet.
1525 787 1671 861 Praeturam
1683 788 1854 854 Matrcroixius
1867 792 1912 848 in-

298 858 399 917 Clrristi
420 859 484 924 tob,
505 874 565 915 curu
585 860 683 915 Placidi
701 859 879 916 llalmrtiuiani
896 869 1034 927 tempure,
1052 859 1098 911 ili-
1149 860 1304 928 perutariam
1327 875 1469 931 ριιριιιιι
1489 859 1642 928 Burnetus,
1665 861 1775 918 rotunde
1794 866 1913 923 transuta

299 930 379 986 talus
395 932 541 1000 duplorum
556 931 766 988 dominationem
790 931 910 1001 lugiens,
925 944 985 984 eum
1001 944 1096 995 maana
1149 941 1221 985 runt.

299 1001 491 1058 Britannorum
512 1003 683 1058 multitudiue
697 1004 802 1074 traiecit
816 1004 842 1056 in
855 999 989 1065 Calliam,
1004 1011 1032 1055 ct
1046 1000 1099 1055 ic·
1433 1043 1546 1103 CAPUT
1570 1043 1646 1101 m

299 1083 444 1136 netarum,
461 1083 488 1127 at
502 1072 678 1129 Osismiomm
695 1076 762 1130 tlnes
776 1072 931 1143 occuparit,
949 1086 982 1128 ac
1003 1070 1037 1128 de
1049 1087 1098 1128 sua
1648 1085 1656 1100 ·

300 1155 381 1216 gente
396 1144 559 1199 Britanniam
572 1145 727 1214 appellarit.
743 1147 881 1202 Galenus.
1186 1145 1231 1202 St'e
1246 1146 1340 1202 amissa
1362 1148 1522 1219 imperatoria
1544 1163 1575 1201 ac
1597 1147 1678 1201 aneni
1697 1147 1797 1202 ltanore.
1819 1148 1843 1205 ld
1862 1159 1911 1217 est,

337 1214 476 1271 Barbarae.
491 1215 608 1270 Francos
629 1218 718 1286 linqua
740 1212 823 1270 Attie'a
842 1213 1035 1270 Valentinianum
1049 1215 1100 1269 im·
1149 1216 1291 1273 Herculius
1304 1227 1393 1273 ιιιιιιιι
1408 1218 1605 1284 Maximianus,
1629 1220 1727 1274 amisso
1751 1220 1775 1274 in
1797 1234 1849 1275 euru
1868 1235 1914 1277 ruo

301 1295 430 1358 peratara
450 1290 551 1356 feritate
572 1297 596 1341 et
618 1288 714 1342 duritie
735 1298 811 1357 atque
823 1287 934 1340 andnuia
956 1287 1042 1340 noemi
1056 1302 1101 1340 ua·
1150 1288 1214 1344 dum
1230 1287 1347 1356 bonore,
1362 1304 1441 1359 quern
1453 1289 1477 1344 ei
1493 1298 1571 1345 antea
1585 1289 1775 1345 Constantinus
1796 1302 1864 1361 atque
1875 1294 1911 1346 xlii

303 1357 370 1421 latit,
388 1358 474 1427 inquit
488 1357 532 1411 lun
547 1357 722 1414 Carnutensis
737 1358 812 1413 initio
826 1357 953 1412 chronici
977 1355 1012 1412 de
1026 1358 1099 1428 reqi-
1150 1361 1329 1415 cummuniter
1343 1370 1371 1416 ιιι
1388 1362 1553 1430 imperatori,
1575 1358 1765 1416 Currrstautiuus
1787 1376 1843 1416 reru
1855 1364 1915 1416 insu·

302 1427 550 1494 busFrancorum;
566 1431 635 1501 qnod
651 1430 822 1485 lrnnclocum
839 1428 896 1500 (ubi
917 1437 1099 1483 nostereaut·
1152 1445 1200 1499 per
1221 1440 1250 1484 ut
1271 1446 1359 1485 socero
1383 1432 1555 1487 artritrebam.
1587 1430 1707 1486 Firmum
1729 1445 1779 1486 tam
1800 1434 1915 1503 teqrtmtb

303 1500 365 1556 detn
380 1510 503 1569 gentem,
517 1516 597 1571 quant
622 1503 700 1571 paulo
715 1509 776 1557 urite
799 1498 915 1554 Francos
930 1498 1098 1560 nominarit.
1151 1501 1249 1565 rerba,
1266 1502 1416 1556 inutilitatis
1429 1502 1564 1574 impatiens
1579 1503 1635 1574 (ex
1649 1502 1743 1572 quibus
1758 1502 1847 1573 liquet,
1862 1504 1915 1558 ller-

304 1570 465 1637 simpliciter
478 1572 600 1626 barbaras
615 1571 744 1644 appellat)
762 1572 839 1627 ualde
862 1571 1025 1636 illustraret,
1049 1571 1101 1626 uisi
1151 1573 1250 1629 callum
1266 1572 1395 1642 deinceps
1419 1588 1472 1627 num
1487 1574 1544 1628 sola
1561 1588 1697 1644 purpura,
1713 1573 1758 1628 sed
1780 1573 1842 1628 cttltu
1865 1587 1916 1642 quo

304 1640 466 1697 Francorum
479 1658 575 1699 nomen
590 1644 730 1714 utriusque
742 1643 920 1699 Valentiniani
933 1643 1100 1712 temporibus
1152 1658 1204 1714 que
1218 1653 1244 1698 et
1257 1643 1392 1713 obsequiis
1405 1643 1553 1699 aulicorum
1577 1646 1715 1707 carnisse,
1736 1654 1811 1714 atque
1830 1643 1858 1699 ad
1878 1645 1917 1698 bu-

304 1713 441 1783 antiquius
462 1729 540 1779 csse,
565 1713 608 1769 bic
631 1716 708 1783 litter,
733 1715 901 1786 plurimaque
914 1713 965 1767 alia
979 1723 1100 1768 ιιιιιιιιιι
1153 1714 1291 1768 millimarn
1304 1715 1421 1785 denique
1437 1715 1692 1770 ritaecnnditianem
1704 1716 1783 1770 luisse
1793 1715 1917 1784 redactum)

304 1795 495 1854 monumenta,
519 1785 648 1841 docerent
670 1793 697 1840 et
718 1788 883 1841 evincerent.
905 1784 958 1840 Sed
980 1799 1014 1836 au
1041 1785 1101 1838 ideo
1116 1760 1140 1821 Β
1153 1800 1233 1911 {tram
1257 1786 1328 1856 quod
1354 1788 1380 1840 in
1400 1786 1616 1856 procedentibus
1640 1786 1737 1840 dicitnr
1755 1784 1918 1841 Constantinus

305 1856 414 1911 mollior
438 1856 504 1911 olim
529 1855 592 1912 buia
615 1857 718 1912 auctori
742 1856 909 1911 barbarorum
933 1855 1100 1926 appellatio,
1179 1856 1324 1921 arcadium,
1349 1858 1451 1911 nullum
1477 1857 1526 1926 ipsi
1543 1859 1674 1913 honorem
1698 1857 1918 1921 hebetudinibus

306 1939 368 1981 curn
382 1928 415 1983 de
428 1926 512 1983 Callis
526 1928 639 1997 ageret?
653 1927 762 1983 llinime
777 1943 854 1981 sane.
867 1925 935 1981 Nam
949 1927 984 1979 ita
999 1926 1102 1996 Carpos
1155 1942 1233 1997 passe
1247 1936 1276 1981 ut
1290 1928 1426 1983 bominem
1439 1929 1588 1993 seelestam,
1612 1936 1642 1981 ut
1662 1937 1756 2000 patrem
1770 1928 1876 1999 impium,
1897 1935 1920 1981 ut

306 1997 400 2054 odiose
415 1999 548 2069 capitul,
566 1999 602 2053 ita
621 1998 716 2054 Persas
727 1999 860 2066 capiteb.
887 1996 1007 2051 bardores
1032 2013 1102 2051 uun·
1153 2014 1269 2053 noenum
1296 1999 1469 2071 perfidum—
1480 1998 1621 2053 Maximien
1649 2000 1719 2070 prise
1742 2000 1775 2053 da
1798 1998 1920 2052 titrudm·

307 2069 434 2138 cuparit,
452 2071 521 2123 luattd
546 2070 597 2123 alia
622 2079 711 2124 mente
726 2070 788 2124 alibi
803 2067 937 2122 barbaram
952 2068 1102 2135 libidinem,
1154 2080 1281 2140 perennet
1304 2071 1335 2124 de
1349 2070 1497 2143 decepere.
1513 2069 1711 2134 blaucroixios3
1734 2071 1768 2124 ita
1788 2068 1921 2138 simpliciter

308 2139 450 2195 barbariem
473 2141 634 2208 natttraiem,
666 2139 800 2194 barbarum
824 2140 935 2201 aliquem
965 2155 1102 2208 quaeruut,
1154 2141 1480 2213 deatuissist'mpetntort'a
1500 2149 1527 2197 ct
1548 2141 1633 2194 euceri
1652 2139 1860 2210 appellationibus
1876 2153 1921 2193 scr·

307 2211 441 2266 barbaram
454 2214 615 2277 seruitutem,
631 2221 659 2266 et
672 2210 824 2281 lmjusmodi
840 2211 891 2265 alia
905 2214 1057 2265 troaninans.
1156 2226 1262 2266 matrem
1278 2227 1339 2267 csse
1350 2214 1518 2267 existimans.
1529 2241 1563 2254 ·-
1574 2211 1628 2266 But
1641 2211 1779 2266 liauimian
1793 2212 1873 2279 burim
1885 2212 1921 2263 taut

344 2281 430 2337 Credit
445 2283 601 2337 adolescent.
617 2280 651 2337 Ce
660 2285 740 2356 jerunt
755 2281 856 2335 l'rinee.
872 2281 1106 2337 blaucuotxuus.-
1158 2283 1217 2336 barb
1229 2283 1272 2338 tlte
1290 2283 1389 2355 diqnitp
1402 2287 1434 2356 of
1444 2301 1478 2338 un
1492 2299 1640 2352 empnam,
1656 2284 1708 2337 und
1726 2283 1766 2336 tlte
1782 2282 1862 2353 repard
1879 2283 1922 2334 titt
2002 2319 2003 2338 ι

309 2352 385 2410 flattd
397 2354 476 2418 tnale,
488 2354 568 2409 modo
580 2367 631 2408 non
643 2355 677 2408 de
685 2354 799 2424 principe
809 2353 949 2408 admodum
956 2356 1053 2426 jurene
1065 2355 1106 2409 iu·
1156 2370 1208 2409 wat
1230 2356 1313 2426 pnqed
1335 2363 1360 2408 to
1382 2356 1435 2408 irim
1449 2372 1477 2409 as
1499 2371 1515 2408 ι
1534 2356 1621 2426 satier
1647 2355 1675 2408 in
1703 2356 1765 2419 tata,
1790 2353 1869 2408 versio
1886 2365 1922 2404 an·
2002 2359 2003 2370 ¹

310 2425 509 2495 telliqas.Turrc
519 2426 591 2479 carim
602 2423 794 2480 Constantinus
804 2439 903 2480 annuum
912 2426 1000 2479 aetatis
1010 2425 1107 2493 agebat
1156 2425 1241 2495 plica;
1257 2426 1444 2495 amiummjum
1458 2427 1620 2495 imperatoris
1636 2427 1758 2479 innarenn
1779 2423 1811 2479 dc
1831 2424 1923 2490 impetu·
2002 2445 2003 2498 3

309 2496 418 2553 circiter
428 2496 594 2551 tricesimum
605 2507 721 2552 sextum.
733 2494 834 2551 Conler
843 2497 915 2551 dieta
925 2494 958 2549 ad
970 2506 1050 2564 caput
1060 2497 1105 2551 ai.
1158 2497 1234 2550 toriae
1248 2495 1387 2567 diguitatis
1400 2499 1545 2552 amissione
1557 2540 1564 2565 ,
1579 2497 1706 2552 amineam
1727 2510 1788 2551 uero
1800 2494 1870 2549 tacui
1889 2492 1923 2545 lte

347 2566 514 2639 Imperatori.
529 2567 706 2623 Constantino
718 2568 838 2632 scilicet.
852 2565 925 2637 quod
940 2569 1037 2622 turrito
1051 2582 1107 2621 nra·
1158 2582 1247 2621 norem
1260 2569 1293 2622 de
1305 2570 1403 2623 amissa
1418 2569 1586 2623 Constantini
1601 2569 1631 2623 in
1656 2581 1777 2623 socerum
1798 2563 1923 2621 liertuliun

310 2638 360 2695 luit
375 2638 523 2705 liurnetus,
538 2638 736 2710 perspicuitatis
748 2638 849 2708 gratia,
870 2646 1011 2706 repetere,
1026 2654 1106 2707 quam
1158 2639 1330 2693 obseruantia
1349 2639 1497 2709 explicans.
1529 2639 1579 2707 Qui
1603 2652 1733 2695 sensusa
1753 2645 1838 2693 nostro
1857 2635 1925 2689 miuus

311 2725 373 2765 cura
389 2719 499 2775 austro,
523 2708 623 2764 variata
639 2710 838 2780 appellatione.
854 2708 996 2764 obscurius
1022 2709 1107 2779 loqui.
1158 2707 1279 2773 recedit,
1293 2710 1416 2779 idemque
1430 2711 1487 2766 lere
1499 2725 1560 2766 cum
1576 2710 1622 2766 illo
1638 2720 1690 2765 est.

349 2780 509 2854 opprimitur
518 2781 603 2835 bomo.
617 2780 707 2839 Senex
722 2795 819 2850 nempe
832 2780 1021 2846 Maximianus,
1037 2782 1107 2851 quod
1197 2779 1264 2847 Quia
1278 2782 1355 2835 semel
1369 2782 1431 2836 abiit
1444 2783 1556 2850 impune.
1575 2782 1711 2837 Punctum
1733 2777 1800 2850 quod
1822 2789 1859 2834 est
1877 2785 1924 2830 unte

312 2868 347 2909 cx
364 2862 440 2923 parte
454 2855 615 2923 interpretes
630 2852 812 2914 declararunt,
830 2851 956 2922 idemque
969 2852 1047 2912 adeo.
1063 2854 1109 2923 qui
1161 2850 1249 2919 Quia,
1266 2852 1381 2906 transfer
1394 2864 1454 2923 post
1466 2854 1581 2921 impune.
1597 2846 1924 2909 &nuncupabantur

311 2925 393 3050 lraulo
407 2936 469 2979 ante
482 2922 635 2994 opprimere
651 2926 707 2993 ipse
717 2922 922 2977 Cotrstantinnm
933 2924 1107 2993 cogitaverat.
1161 2922 1359 2992 -smptmbar
1371 2939 1420 2993 eqo
1433 2924 1556 2995 copulam
1566 2932 1604 2990 ct,
1619 2938 1686 2996 quae
1698 2922 1846 2992 saepiuscule
1856 2916 1925 2972 ultlttt

324 2995 456 3050 ’recessit
468 2998 540 3049 enim
556 3011 563 3047 ι
588 3011 598 3045 ι
617 2994 765 3048 Persuadet
783 2992 849 3048 nibil
865 2993 1010 3062 suspicanti
1023 2992 1111 3065 (Con
1160 2993 1374 3064 precedentibus
1388 2996 1497 3050 uocibus
1522 2995 1653 3064 altsorpta
1677 3003 1728 3060 est,
1742 2993 1877 3061 ubmrpuu
1891 3001 1926 3057 aa·

314 3066 449 3135 arantino)
462 3080 497 3121 no
509 3080 617 3121 omnem
631 3080 723 3120 sectum
744 3066 892 3120 exercitum
907 3066 1066 3119 duceret...
1082 3074 1110 3120 ut
1162 3066 1227 3119 riter
1242 3068 1324 3120 luisse
1338 3068 1380 3120 bic
1395 3067 1445 3122 loci
1458 3076 1520 3121 aute
1537 3066 1608 3139 quia,
1622 3065 1673 3122 rtbi
1692 3063 1799 3135 proinde
1811 3064 1925 3133 laundun

313 3145 341 3190 et
357 3139 414 3206 ipse
430 3140 529 3208 (Senex
545 3135 730 3206 Maximianus)
746 3136 857 3190 baberet
869 3138 1016 3191 exercitum
1029 3151 1107 3205 quem
1123 3141 1146 3205 c
1161 3145 1252 3207 putem
1269 3151 1279 3189 .·
1296 3153 1306 3187 ι
1325 3135 1357 3191 Ει
1371 3139 1433 3206 quia
1447 3137 1530 3192 semel
1545 3138 1611 3191 alrilt
1627 3139 1748 3201 inmune,
1762 3143 1846 3196 uocat.
1858 3140 1901 3186 etc.
1917 3146 1924 3177 t

313 3216 474 3276 oecrrparet,
489 3219 517 3263 et
530 3207 574 3262 ilie
593 3205 806 3279 (constantinus)
830 3208 945 3277 opprimi
969 3217 1060 3277 posset
1074 3208 1109 3264 ob
1202 3204 1281 3261 Vacat
1304 3207 1385 3276 filiurn
1409 3207 1544 3263 Faustam.
1566 3207 1592 3262 ll
1620 3209 1698 3277 platee
1720 3223 1750 3261 ιι
1770 3206 1818 3276 pile
1840 3202 1926 3281 Fateb-

314 3278 429 3333 militurn
446 3277 617 3346 paucitatem.
1161 3278 1355 3334 Maucnouxrus.
1371 3308 1407 3319 -
1423 3280 1515 3345 lliror,
1528 3294 1589 3334 curn
1606 3288 1714 3334 tanturm
1741 3278 1774 3333 sit
1797 3272 1927 3329 discunint

352 3347 427 3412 Quod
447 3350 532 3411 ipsum
546 3349 673 3420 praecipue
696 3349 869 3402 condeceret.
895 3348 962 3413 Quia
985 3355 1014 3404 et
1027 3348 1110 3418 iptitts
1162 3350 1232 3406 inter
1256 3365 1345 3404 uacare
1379 3351 1522 3423 (appeler)
1548 3360 1576 3406 et
1601 3349 1782 3406 blandimentis
1806 3345 1926 3406 unitatur.

314 3416 484 3475 Constantini
505 3431 671 3486 soraterra,
686 3429 713 3474 et
734 3420 818 3486 patris
830 3417 915 3474 lucrat
938 3421 1109 3488 Constantii,
1163 3418 1491 3494 (annumeramini
1516 3420 1588 3492 quod
1613 3427 1699 3475 etiarn
1724 3435 1756 3475 ex
1779 3417 1927 3488 prauirnese·

314 3491 502 3560 etimperatnr
527 3499 660 3557 proventae
683 3490 790 3555 utatis,
815 3504 894 3560 quern
909 3493 981 3545 omni
1005 3490 1111 3548 bonore
1162 3493 1305 3563 quentibus
1327 3492 1499 3548 manilestum
1522 3502 1575 3558 est,
1590 3493 1765 3547 biandimenta
1787 3487 1927 3565 uauuisite

315 3570 478 3632 exceperat,
495 3561 617 3633 adeoque
632 3561 805 3633 patriniaco,
819 3564 880 3631 qula
894 3561 1006 3633 Augusti
1026 3561 1112 3619 Casa·
1163 3562 1278 3618 eundum
1305 3563 1421 3619 llercrrlii
1442 3563 1593 3619 macbiuam
1623 3563 1720 3628 luisse,
1733 3577 1783 3632 qua
1798 3561 1870 3638 lulium
1886 3568 1927 3607 suu

315 3648 372 3688 ram
387 3643 471 3706 putres
486 3632 654 3689 dicebantur.
671 3633 796 3690 loeutus.
1163 3633 1284 3703 partibus
1297 3635 1442 3689 curaciiiare
1454 3636 1607 3690 tentaterit.
1626 3634 1739 3691 locarit
1751 3646 1812 3702 erqo
1837 3638 1926 3706 prmum

353 3704 418 3758 Tum
432 3706 515 3758 subita
538 3720 555 3759 ι
575 3714 644 3775 terpa
667 3706 723 3774 ejas
737 3714 820 3777 partae
841 3712 995 3768 reserantur,
1020 3705 1113 3761 milites
1164 3706 1305 3772 omnium;
1320 3705 1410 3773 idest,
1425 3705 1496 3762 illurn
1516 3706 1550 3761 ad
1572 3720 1602 3761 se
1626 3701 1833 3769 vocationum,
1852 3695 1928 3754 elm·
2000 3751 2001 3780 ,

315 3775 482 3846 recipiantur.
505 3776 665 3831 l‘lanissimo
687 3791 784 3842 sensu,
801 3775 880 3831 modo
895 3786 1018 3831 neutrum
1033 3779 1112 3832 strio·
1165 3791 1218 3845 que
1232 3784 1261 3830 ut
1275 3782 1387 3832 verriret.
1922 3834 1926 3845 ¹

318 3848 371 3900 tius
384 3861 399 3918 a
411 3855 487 3913 torpa
502 3846 618 3902 llnrculii
640 3847 788 3913 accidisse,
805 3846 852 3902 sed
867 3848 894 3900 in
909 3858 1012 3902 remtrta
1038 3848 1113 3903 urbis
1199 3846 1350 3918 Diqaiorem
1372 3849 1454 3902 airutm
1478 3847 1622 3920 pollicetar.
1640 3847 1770 3903 Videatur
1782 3842 1869 3900 ibidem
1891 3838 1927 3892 lttt

318 3923 393 3987 parte
406 3958 414 3982 ‚
427 3918 470 3970 rui
486 3924 588 3986 tergum
604 3918 740 3982 uertebat,
757 3917 908 3987 intelligas,
922 3918 999 3987 cujus
1013 3918 1109 3975 obser·
1165 3917 1320 3973 columbus.
1894 3980 1899 3991 ,
1998 3973 1999 3980 ,

318 3986 433 4043 rationis
447 3987 515 4042 ratio
527 3997 555 4043 et
568 3991 715 4044 necessitas
726 4004 773 4057 pur
787 4002 816 4042 se
830 3997 931 4055 patent.
1202 3987 1269 4045 Petit
1282 3990 1435 4054 caliculum,
1450 3999 1503 4046 etc.
1519 3989 1603 4046 Paulo
1616 3991 1698 4046 aliter
1709 3988 1790 4045 editio
1803 3984 1927 4061 auersa:

353 4057 505 4114 Adtralut'tttr
525 4058 560 4113 nd
572 4060 750 4131 imperatorem
769 4059 1029 4132 rebellisu‘mperator.
1048 4060 1113 4116 vtae
1167 4078 1178 4112 u
1195 4060 1264 4115 Petit
1279 4060 1431 4117 curbicultun
1455 4073 1549 4133 pauens
1569 4060 1698 4132 relinqrri,
1724 4071 1751 4115 et
1779 4058 1929 4127 negligemus

318 4137 348 4186 ιιι
376 4143 468 4202 pergat
492 4140 584 4185 noster
605 4130 638 4183 ad
660 4131 773 4185 aliorum
797 4129 884 4199 pmtirts
908 4132 1111 4200 dispositionem
1164 4132 1292 4187 custodiri
1304 4137 1406 4187 sinat.»
1914 4190 1919 4203 ,

318 4202 472 4272 respicere,
487 4217 567 4270 quarn
580 4200 613 4256 ad
627 4199 807 4258 Galerianum.
831 4201 963 4270 limniao,
977 4203 999 4256 si
1015 4203 1058 4257 vel
1073 4204 1112 4258 lo·
1202 4201 1343 4257 Pollicetur
1356 4204 1401 4257 illa
1417 4204 1551 4272 facturam,
1567 4211 1592 4257 et
1605 4205 1685 4273 ιιιιιι
1705 4202 1817 4275 protinus
1828 4197 1858 4252 ad
1868 4207 1929 4246 nan·

318 4287 379 4329 cttttt
404 4274 484 4328 isltttn
499 4276 594 4345 capitis
612 4272 666 4328 ab:
685 4290 695 4323 t
714 4273 785 4327 Patri
809 4287 860 4328 sito
884 4281 959 4343 pust,
987 4273 1113 4329 Herculio
1165 4282 1228 4327 tant.
1244 4275 1491 4351 Πρικαταλαὸούσιις
1517 4274 1544 4331 ii
1566 4278 1685 4336 Φαύιτις
1711 4276 1740 4330 τὸ
1755 4269 1931 4348 &plumam

318 4344 437 4410 scilieet,
449 4346 600 4412 depositum
619 4345 760 4415 imperium
776 4345 801 4398 in
815 4343 961 4414 Campania
974 4347 1111 4410 moranti,
1164 4349 1207 4400 καὶ
1220 4353 1257 4414 τῷ
1271 4352 1540 4420 naturamnaturaim
1565 4348 1732 4420 emacient.
1747 4337 1931 4419 inopinantis*

318 4415 490 4488 (Maxentius)
508 4431 650 4486 purpuram
674 4417 771 4480 mittit,
795 4426 823 4471 et
836 4415 879 4470 bis
900 4413 1050 4484 Augustum
1066 4433 1113 4471 uo·
1163 4424 1201 4490 τῷ
1220 4418 1322 4472 πάντων
1343 4419 1457 4474 baensis
1470 4417 1611 4497 lapsantibus
1622 4418 1693 4490 ιόσῳ
1714 4418 1780 4471 κατὰ
1792 4419 1833 4472 nit
1852 4420 1870 4463 Τ
1898 4407 1931 4482 li(

319 4489 418 4550 uninat,
432 4504 492 4542 cum
509 4486 559 4542 boe
573 4488 666 4556 rapitis
680 4487 732 4553 52,
747 4488 894 4542 contuleris
914 4505 921 4540 z
938 4486 1030 4542 Victrts
1045 4502 1109 4543 cutt—
1164 4487 1323 4547 ἐτελεύτησε.
1340 4489 1422 4546 lleete
1445 4491 1502 4546 bum
1521 4489 1555 4544 de
1582 4490 1687 4543 insidiis
1704 4486 1841 4542 bazianus:
1904 4483 1932 4554 m

320 4559 435 4613 tomacla
449 4557 595 4627 (Galerius)
611 4560 681 4612 tollit
695 4560 831 4614 Caesarum
847 4573 966 4621 nomen.
982 4567 1008 4613 ct
1024 4574 1054 4614 se
1068 4558 1113 4614 tt·
1124 4532 1152 4593 Ῑ)
1164 4561 1228 4614 olim
1242 4562 1439 4628 annotavimus,
1459 4559 1600 4617 contundit
1621 4561 1775 4614 llereulium
1795 4568 1849 4608 eum
1869 4547 1932 4603 liuta

318 4629 472 4697 eiaiumquc
484 4631 618 4697 bragustos
630 4628 756 4697 appellat,
768 4629 929 4685 Maxentium
941 4639 968 4683 ιι
980 4629 1113 4685 Constan-
1166 4631 1239 4685 anino
1251 4630 1336 4698 baua,
1349 4647 1428 4699 quem
1449 4631 1564 4702 simplici
1579 4639 1668 4685 morte
1689 4630 1759 4699 apud
1773 4626 1874 4681 tamnu
1884 4627 1932 4688 pet·

319 4699 405 4752 tinum
420 4700 488 4753 lilios
501 4700 697 4767 linguatorum,
716 4717 726 4751 ι
750 4700 882 4767 intelliges
895 4700 980 4761 adeo.
996 4715 1050 4755 non
1066 4702 1114 4755 lra-
1165 4700 1230 4757 iisse
1251 4710 1364 4757 testamr
1386 4702 1509 4773 lipitome
1533 4701 1659 4758 Victoris.
1676 4700 1730 4757 Sed
1744 4699 1778 4755 de
1795 4695 1843 4752 bot
1861 4697 1932 4763 aad&

319 4769 405 4826 bitum
421 4768 503 4825 luisse
516 4783 564 4838 per
580 4769 640 4837 plus
654 4770 743 4824 minus
758 4770 886 4839 temporis
901 4771 1053 4825 ilereulium
1066 4787 1114 4841 pro
1165 4772 1323 4827 uiderimus,
1337 4774 1426 4828 Editio
1436 4776 1523 4829 Onon.
1537 4783 1565 4829 et
1576 4771 1656 4829 Cant.
1875 4831 1880 4842 ,

320 4839 650 4910 imperatareaGaleriu,
665 4852 693 4895 ut
708 4842 734 4895 in
750 4841 800 4895 ista
817 4840 873 4896 lere
897 4841 990 4896 ultima
1013 4841 1113 4899 Galerii
1203 4843 1291 4915 Refert
1311 4847 1428 4916 protinas
1459 4846 1494 4900 ad
1525 4845 1656 4899 maritam.
1693 4839 1932 4899 adcumulatae

320 4913 497 4983 dispositione
518 4913 589 4967 nulla
610 4911 788 4968 batllereulii
813 4913 934 4980 mentio,
962 4913 1060 4968 nedum
1086 4925 1115 4970 m
1167 4915 1361 4972 Muucnutxrns.
1871 4975 1877 4987 ,

320 4986 498 5055 imperatoris.
1205 4986 1264 5054 Qua
1275 4989 1409 5056 nuntritesta
1423 4987 1524 5056 padum
1537 4995 1674 5041 teneretur.
1690 4982 1786 5046 llxlitn,
1799 4980 1823 5032 in
1832 4981 1932 5049 suntot-

357 5055 436 5112 Pnter
454 5056 558 5129 inpius.
582 5055 661 5112 Pater
683 5070 798 5126 nempe.
823 5056 985 5128 proprieque
1006 5055 1113 5120 dictus,
1167 5056 1294 5115 locutus.
1309 5059 1385 5126 Quod
1399 5069 1427 5115 ιι
1439 5058 1603 5113 llaucroixiu
1618 5057 1725 5112 ridetur
1740 5056 1765 5108 in
1785 5055 1933 5107 muniente·

320 5129 425 5184 ratiorre
451 5129 512 5184 itiam
535 5128 657 5194 Faustae,
684 5142 763 5198 quam
788 5129 978 5184 Currstantinus
1003 5143 1115 5183 uxorem
1168 5130 1250 5184 nisse.
1267 5128 1419 5201 Ouditpase
1432 5139 1514 5184 tantm
1527 5131 1615 5183 clauses
1630 5116 1934 5200 panrserprendrelepq·

322 5200 435 5255 duruerat
453 5220 459 5256 :
475 5200 574 5273 lurpirtu
588 5211 696 5262 atrtetn.
720 5200 745 5253 id
766 5212 824 5265 ast,
840 5199 975 5264 crtudcbs,
992 5199 1115 5253 inluuma·
1168 5201 1292 5269 fidedans
1304 5216 1338 5254 ιιι
1351 5210 1455 5255 ιιιιιιιιι
1473 5200 1614 5271 urruniseute.
1627 5226 1667 5239 --
1681 5195 1838 5254 emturum.
1852 5202 1873 5241 st
1884 5181 1932 5254 qul

321 5287 387 5338 nus,
401 5271 610 5336 immisericors,
633 5271 703 5326 sieut
725 5282 818 5325 cartura
832 5273 890 5342 pius
904 5281 977 5343 pater
991 5270 1025 5323 de
1040 5281 1116 5338 patra
1168 5282 1240 5328 esset
1250 5272 1459 5338 ιιιιιιιιιιιιιιιιιι,
1475 5287 1526 5339 qua
1536 5270 1673 5340 nrauisetta
1690 5267 1933 5339 {eunomiumne

322 5344 449 5414 benignu,
463 5343 581 5399 Ιιιιιιιιιιι
607 5353 634 5399 ιι
650 5341 825 5399 misericorde
837 5350 988 5410 usurpatur.
999 5338 1115 5396 Cicero:
1169 5353 1221 5396 eutr.
1237 5341 1283 5398 Sic
1301 5344 1375 5398 onim
1389 5341 1484 5398 Cicero
1504 5344 1531 5399 5.
1552 5341 1626 5396 iera.
1644 5339 1759 5395 Tenea...
1775 5339 1851 5407 sutem
1869 5338 1933 5407 Μ,

323 5413 384 5469 Nau
396 5431 468 5470 ιιιιι
483 5417 509 5468 in
524 5429 565 5467 me
597 5415 654 5478 u'au,
666 5429 744 5483 qnam
757 5424 829 5483 pater
850 5413 876 5466 in
892 5414 959 5481 filias
981 5428 988 5465 ι
1012 5419 1042 5465 ut
1062 5425 1116 5465 non
1181 5422 1392 5469 eutaaaerteutem
1402 5430 1457 5468 rem
1468 5413 1662 5485 frumentariam
1675 5423 1783 5488 amnena
1795 5401 1843 5458 Sed
1860 5394 1931 5480 ‘lilii‘

342 5488 438 5542 roindo
461 5485 546 5540 solam
574 5431 689 5538 illaturum·
705 5499 769 5555 erga
793 5492 918 5554 parentes
933 5482 1060 5546 pietatem
1075 5483 1118 5537 rel
1188 5485 1241 5540 elle
1255 5493 1327 5540 stare
1339 5487 1424 5552 possit
1437 5486 1516 5541 lectio
1529 5493 1647 5552 recepta.
1671 5496 1732 5536 cum
1752 5467 1932 5561 ornarentur

321 5559 485 5628 impietatem
512 5554 600 5610 Latini
634 5557 863 5615 memoraverim.
894 5554 942 5609 sed
977 5564 1117 5624 parentum
1170 5554 1392 5613 eadcml'errina
1418 5557 1577 5626 scripserit:
1593 5572 1603 5606 ι
1620 5552 1741 5607 Terretur
1752 5555 1825 5627 rqrtur
1835 5555 1891 5611 ruta.
1901 5547 1932 5600 ll·

322 5643 430 5700 quoque
443 5628 469 5682 in
486 5626 565 5681 illios.
580 5625 653 5690 lmo,
666 5633 787 5681 ueternum
802 5624 849 5679 liei
861 5625 998 5695 pietatem,
1013 5625 1065 5681 lroc
1076 5632 1119 5681 est
1170 5628 1294 5690 ditasset
1307 5626 1449 5683 manilesto
1462 5638 1568 5684 tenetur
1581 5621 1712 5687 auaritia,
1724 5616 1847 5702 trupidrtas
1865 5609 1930 5664 maur·

324 5697 537 5756 misericordiam
558 5699 585 5752 iu
607 5712 707 5779 prepem
731 5713 805 5751 reum
829 5696 948 5753 laudabit
961 5706 1054 5753 noster
1068 5697 1120 5753 sub
1171 5700 1225 5764 nis,
1237 5698 1338 5764 seclus,
1353 5699 1518 5769 improbitas.
1534 5694 1663 5760 audacia;
1679 5701 1728 5776 uel
1736 5689 1802 5776 abba
1810 5685 1931 5750 tulssffili’

309 5769 392 5825 linem
407 5769 488 5839 liujus
504 5771 566 5825 libri
579 5810 587 5836 ‚
600 5777 690 5838 eapite
702 5767 747 5821 ιιι.
1171 5768 1314 5825 Cluentio:
1328 5787 1339 5821 u
1356 5768 1497 5840 Exponam
1510 5768 1588 5831 robis
1599 5765 1744 5837 Oppianum
1757 5762 1852 5816 laetam
1866 5756 1931 5806 W
