4142 6184
170 236 245 294 {diii
615 233 694 292 (tor.
716 234 748 290 V.
771 234 907 295 ARGUM.
927 235 973 295 ott
992 237 1111 297 tumr.
1127 238 1353 299 nebettutsr.
1751 240 1822 303 tdtt

168 351 204 408 ab
217 358 360 422 tempore,
374 365 428 422 quo
442 349 527 407 Jacob
547 349 705 408 latriareln
719 366 780 407 cum
799 352 861 409 lliiis
874 353 930 411 suit
945 352 972 410 in
987 353 1078 420 Atilii
1091 355 1209 429 denique
1219 367 1332 416 censent
1345 367 1452 416 montes
1464 373 1526 416 esse
1537 358 1606 417 duos
1619 359 1671 418 sibi
1682 359 1822 418 cobseren-

169 443 318 518 AEgyptuan
344 444 504 512 descendit,
526 445 635 501 duxisse
660 445 790 503 dicendus
811 456 862 503 cst.
886 446 970 505 Porro
1021 458 1080 514 tes,
1094 458 1123 506 et
1136 449 1209 507 oreb
1221 451 1296 508 Sinai
1310 452 1464 509 inferiorem
1477 452 1614 510 dixerunt.

166 551 258 598 autern
272 539 336 597 lalnc
355 542 436 597 etiarn
451 541 597 612 colligitur,
612 555 681 612 quos
694 542 739 599 illc
759 540 869 599 nomine
881 541 969 617 iiujo·
1058 542 1197 600 iliiilciiius
1210 544 1331 616 proiecto
1344 556 1402 611 est,
1419 546 1490 617 quod
1513 547 1667 602 Lactantius
1680 547 1821 604 continen-

165 650 225 689 saar
236 644 381 688 nostrorum
395 634 538 704 designare
550 633 674 690 voluerit.
1021 643 1063 691 ter
1074 635 1173 707 adjecit
1194 635 1345 705 israelitas,
1361 653 1422 694 curn
1438 640 1464 693 in
1476 640 1584 695 deserta
1604 639 1720 710 quadam
1733 640 1821 712 Syrias

203 727 344 797 Quomodo
356 739 446 785 autent
461 727 612 784 liebraeiab
625 725 842 801 iracAEgyptiaca
853 729 968 800 captiui·
1019 737 1096 800 parte
1115 730 1319 797 consedissent,
1338 732 1463 788 andsisse
1478 743 1553 788 retus
1573 733 1747 790 Rebraeorunr
1769 749 1822 791 no-

166 827 223 875 tate
236 820 327 875 educti
343 819 459 887 luerint,
484 821 586 875 duretur
601 830 694 876 noster
717 820 788 876 bunc
810 830 919 877 errarrat
940 821 966 876 in
1019 837 1082 878 meu
1093 864 1101 888 ,
1112 822 1239 894 ipsosque
1257 824 1382 892 iudaeos,
1399 835 1426 880 et
1438 835 1537 881 terram
1550 841 1630 896 quum
1651 827 1820 897 incolebant,

164 911 275 969 modom
287 930 295 967 z
309 912 415 986 iioyses
434 913 534 986 trajecit
546 913 669 984 populum
682 914 764 968 irredio
778 914 844 968 arari
858 913 946 970 Rubro
955 906 978 982 ,·'
1018 912 1140 971 linierunt
1160 917 1276 985 coepisse
1296 918 1441 986 appellari,
1462 919 1588 986 ‹quoraianr
1611 918 1737 989 princeps
1754 933 1821 974 exa·

165 1009 327 1078 procedente
348 1009 465 1082 Argao,
487 1018 512 1066 st
534 1009 773 1081 scindentcaquom
776 1049 855 1070 .......
879 1021 908 1068 ut
929 1013 967 1067 uit
1018 1007 1098 1062 ruinis
1111 1007 1408 1077 eorunr,inquit‚erat
1424 1008 1517 1064 iudas.
1533 1010 1598 1078 Quis
1612 1011 1695 1078 enim,
1711 1026 1820 1082 argues,

163 1111 259 1173 presa:
1017 1097 1069 1154 ioit
1079 1098 1161 1154 ludas
1176 1099 1222 1155 iile
1236 1100 1409 1155 ilebrruorum
1421 1101 1447 1154 iu
1461 1101 1575 1156 desertis
1588 1101 1673 1174 Syria
1682 1101 1821 1173 princeps?

1016 1189 1082 1259 Quis
1095 1192 1177 1246 etiarn
1199 1192 1284 1247 nescit
1298 1208 1377 1263 quam
1392 1193 1472 1248 sarias
1490 1193 1544 1249 sint
1558 1193 1693 1265 deprime
1714 1194 1821 1253 Iudaici

1016 1283 1136 1341 nonrinis
1154 1284 1257 1356 urigine
1279 1285 1440 1355 opiniones?
1458 1284 1593 1356 iosepirus
1608 1287 1700 1355 enim,
1719 1287 1763 1343 cui
1777 1302 1821 1344 re-

162 1371 267 1428 versus
281 1371 325 1428 bic
338 1380 381 1430 est
393 1372 498 1446 Virgilii
513 1373 541 1430 in
554 1383 650 1446 qoarto
660 1372 853 1446 Georgicorum
865 1375 944 1432 libro.
1016 1376 1152 1434 certiores
1176 1379 1256 1432 ctiam
1280 1378 1388 1448 quidam
1414 1378 1500 1432 critici
1527 1376 1718 1448 suffragantur,
1746 1388 1823 1450 putat

199 1463 236 1520 Δι
246 1462 363 1521 Gallteus
381 1464 451 1521 itanc
465 1464 597 1523 Lactantii
616 1467 797 1523 narrationem
811 1468 845 1524 de
860 1467 963 1539 ringelo
1016 1479 1159 1540 utrumque
1174 1469 1225 1524 lroc
1235 1468 1389 1526 iudaeorum
1404 1483 1501 1525 nomen
1516 1468 1636 1525 liebraeis
1648 1510 1656 1537 ,
1670 1484 1821 1541 eorumque

159 1555 297 1614 israelitas
317 1557 490 1628 moeoedsate,
511 1567 539 1615 et
564 1558 704 1615 scindente
724 1574 820 1631 aquam
844 1559 961 1617 vellicat.
1014 1560 1088 1632 genti
1103 1562 1275 1630 impositum,
1299 1570 1441 1632 postquam
1455 1576 1472 1617 e
1485 1560 1631 1633 Babylonia
1654 1562 1775 1628 reversi,
1792 1563 1820 1618 in

158 1648 228 1706 Nam
245 1649 272 1704 in
284 1648 382 1720 Exodi,
392 1649 496 1722 inquit,
513 1650 582 1708 libro
596 1651 710 1722 legimus
722 1650 852 1723 Angelum
863 1651 962 1710 abiisse
1013 1658 1126 1728 pristina
1145 1672 1194 1712 sua
1219 1657 1275 1712 loca
1299 1657 1462 1728 postliminio
1481 1655 1628 1711 redierunt.
1649 1654 1816 1727 Epiphanius

158 1751 222 1813 post
234 1742 316 1808 illos,
331 1746 498 1815 siccatasque
512 1759 595 1816 aquas
608 1786 615 1809 ,
629 1755 709 1801 vento
719 1743 801 1803 darrtc
813 1756 842 1802 et
853 1755 959 1815 urente,
975 1759 1000 1820 Β
1014 1764 1080 1804 sero
1094 1749 1217 1819 opinatur
1233 1751 1243 1818 (
1257 1748 1369 1820 Empta,
1385 1749 1430 1804 tit.
1445 1764 1453 1805 ι
1477 1748 1536 1802 udo.
1557 1751 1669 1816 lieren,
1687 1746 1701 1821 ᾗ
1716 1748 1734 1801 2
1748 1758 1771 1802 et
1785 1746 1816 1820 5)

159 1844 304 1905 prstqunm
319 1836 425 1908 Royscs
436 1851 544 1892 niarium
560 1852 635 1892 suam
655 1836 682 1892 in
698 1852 771 1892 mare
784 1837 959 1895 extendisset.
1012 1841 1075 1897 ilios
1091 1841 1131 1897 sic
1149 1842 1353 1912 cognominatos
1367 1844 1402 1896 ob
1418 1840 1515 1896 tribum
1537 1838 1634 1905 iudae,
1656 1854 1693 1896 ex
1708 1839 1817 1911 religio-

158 1931 260 1989 ilerum
283 1931 350 1989 adeo
372 1930 462 2003 inepta
486 1942 528 1989 est
550 1931 630 2004 bujats
657 1931 791 2008 hominis,
815 1934 960 1990 ductorem
1013 1946 1106 1988 sorum
1122 1930 1262 1988 bominum
1277 1947 1375 2002 genere
1389 1931 1587 2002 compositam,
1605 1941 1686 2002 atque
1699 1930 1733 1987 iis
1747 1940 1818 1987 tem·

156 2036 239 2078 soum
264 2031 397 2079 uenenato
420 2021 501 2079 derue
523 2022 622 2093 ubique
649 2022 750 2094 passim
772 2023 959 2092 corrodentis,
1013 2023 1141 2095 poribus,
1155 2023 1252 2092 quibus
1268 2022 1366 2088 David,
1382 2022 1530 2091 Salomon,
1545 2023 1658 2094 citusque
1678 2021 1750 2079 iilius
1763 2022 1820 2077 Ro·

157 2113 352 2184 reprehensam
378 2125 406 2170 ut
431 2129 490 2171 cam
516 2113 602 2185 Spuri
622 2114 682 2186 jure
702 2116 800 2171 merito
824 2116 958 2187 rejecerit.
1011 2115 1092 2171 boam
1106 2114 1301 2185 Hierosolymis
1322 2113 1478 2185 regnabant.
1502 2113 1556 2171 Sed
1571 2114 1616 2171 alii
1630 2129 1692 2171 cum
1705 2114 1814 2185 Augus·

156 2205 226 2262 Ram
247 2206 372 2263 columna
386 2206 455 2263 lucis
478 2206 600 2262 Hebraeis
618 2220 703 2277 usque
721 2207 755 2262 ad
775 2206 860 2266 Rubri
878 2207 961 2264 maris
1012 2210 1070 2266 tino
1081 2209 1237 2265 existimant
1256 2207 1410 2264 iudeorum
1423 2217 1451 2263 et
1468 2207 1547 2264 iudae
1561 2223 1712 2278 cognomen
1727 2218 1817 2264 ortum

157 2299 236 2357 littus
256 2301 386 2356 anteivit:
413 2300 503 2371 ibique
522 2300 602 2356 scidit
617 2301 676 2369 ejus
692 2315 797 2371 aquas,
817 2309 959 2372 postquam
1011 2300 1095 2357 icisse
1116 2317 1131 2354 a
1153 2299 1221 2356 iuda
1244 2301 1384 2372 (dapum,
1407 2299 1452 2355 lib.
1473 2316 1509 2355 xa
1529 2300 1561 2355 cle
1574 2299 1669 2371 diste,
1692 2317 1751 2372 cap.
1767 2301 1817 2373 9),

156 2392 267 2465 Moyses
280 2407 357 2450 suam
372 2394 399 2449 in
414 2392 479 2448 iliud
495 2406 602 2447 manum
618 2394 797 2462 porrexisset.
1011 2392 1104 2451 iacobi
1125 2391 1284 2463 patriarchas
1307 2394 1372 2447 iilio.
1394 2391 1537 2447 Norrntrllis
1557 2392 1646 2448 adbuc
1668 2391 1754 2448 risum
1775 2401 1819 2448 est

193 2486 262 2542 'iura
274 2485 372 2543 deiude
392 2485 547 2543 Lactantius
570 2483 653 2541 rciert
672 2485 801 2540 miracola
813 2523 821 2552 ,
835 2499 896 2553 qosc
915 2482 960 2539 ille
1012 2485 1082 2541 lianc
1103 2483 1310 2554 appeliationem
1338 2482 1401 2538 inde
1426 2482 1616 2553 repetendam,
1638 2483 1711 2554 quod
1731 2482 1817 2539 tribus

213 1234 319 1288 Curiata
329 1237 355 1288 in
364 1238 456 1289 montis
468 1235 555 1289 faciem
566 1237 729 1290 circumstetit
739 1238 815 1289 unda.

157 2576 186 2633 in
200 2577 316 2634 desertis
330 2578 413 2645 lecit,
436 2578 483 2633 sed
498 2592 548 2634 nec
571 2577 681 2643 omnia,
697 2590 748 2632 nec
765 2576 824 2647 ipso
846 2576 959 2646 ordine,
1011 2576 1103 2642 Judae,
1115 2576 1221 2633 caeteris
1239 2575 1443 2643 cunctantibus,
1461 2584 1506 2631 aot
1520 2575 1718 2643 diiiidentibus,
1730 2577 1817 2648 prima
1903 2611 1907 2618 ι

156 2688 212 2743 quo
226 2672 252 2727 in
266 2674 351 2730 saeris
365 2671 462 2728 litteris
483 2669 616 2741 descripta
630 2679 704 2725 suut.
718 2667 768 2726 Ubi
789 2678 879 2725 autem
891 2668 959 2725 mira
1011 2669 1116 2726 medias
1130 2672 1202 2725 inter
1220 2665 1304 2724 maris
1315 2667 1400 2724 Rubri
1421 2668 1508 2724 undas
1531 2667 1652 2741 lioysem
1665 2677 1757 2723 secuta
1768 2667 1815 2724 sit.

106 2780 112 2788 ·
156 2778 269 2837 prorsus
296 2764 344 2820 lici
358 2779 421 2837 erga
436 2763 571 2822 israelitas
594 2763 723 2820 beneiicla
757 2771 900 2832 recenset,
922 2763 960 2819 ibi
1011 2759 1081 2830 Quid
1092 2760 1190 2815 mirum
1203 2757 1283 2830 igitur
1293 2772 1355 2814 cunt
1371 2766 1410 2813 tot
1420 2757 1519 2814 luerint
1532 2773 1564 2814 ea
1574 2756 1609 2815 de
1619 2773 1649 2814 re
1659 2758 1813 2830 opiniones,

157 2874 257 2915 manna
270 2859 379 2915 celestis
392 2859 506 2914 rimasti
529 2860 643 2932 pluuium
654 2859 781 2931 appellat.
798 2858 851 2917 Sed
867 2857 905 2926 bi,
917 2858 959 2916 in·
1011 2855 1034 2912 si
1059 2853 1215 2913 Lactantius
1228 2852 1327 2909 abierit
1346 2853 1372 2908 in
1392 2853 1510 2924 aliquam
1529 2853 1714 2925 singularem,
1734 2861 1762 2908 et
1780 2853 1816 2911 ab

156 2953 236 3024 quit,
251 2951 331 3024 impie
346 2952 465 3024 ingrati,
479 2962 507 3008 et
518 2959 656 3008 tantorum
672 2951 864 3008 bertelicioruur
880 2966 958 3023 pror·
1011 2946 1065 3002 illis
1076 2947 1199 3001 omnibus
1213 2945 1369 3002 diversam?
1383 2944 1419 3001 alt
1432 2944 1586 3001 ludaeorum
1608 2953 1636 3001 et
1648 2944 1750 3001 tudae
1761 2960 1814 3001 no·

155 3060 204 3101 sus
216 3046 410 3113 immemores,
426 3045 454 3102 in
470 3045 619 3112 lusoriam,
643 3054 672 3101 ct
692 3042 882 3116 AEgyptinrum
902 3043 960 3099 ido-
1012 3053 1075 3094 men
1087 3037 1200 3107 ejusque
1213 3037 1344 3108 originem
1365 3045 1492 3106 repetere
1505 3035 1611 3092 ridetur
1623 3051 1657 3092 ex
1667 3034 1713 3091 iilo
1726 3035 1814 3105 iuda,

157 3136 292 3194 iolatriam
310 3136 429 3208 prolapsi
450 3146 529 3205 sunt,
545 3147 573 3192 et
585 3147 712 3203 auream,
725 3147 755 3191 ut
767 3137 814 3193 illc
828 3136 957 3207 loquitur,
972 3135 995 3199 C
1011 3132 1058 3203 qui
1071 3128 1252 3187 chananaeum
1263 3139 1291 3186 et
1305 3129 1480 3186 Pirerczaeum
1495 3130 1608 3195 uicisse,
1630 3129 1816 3201 plurimasque

156 3239 235 3298 caput
257 3228 348 3298 boob,
368 3245 441 3301 queat
459 3238 549 3284 socors
569 3228 644 3301 Apisa
648 3265 703 3283 .....
726 3228 893 3300 figurarem.-
908 3227 960 3284 laec
1013 3222 1113 3289 urbes,
1134 3236 1167 3277 ac
1188 3220 1346 3277 notarinatim
1370 3222 1536 3280 iiierusaletn
1557 3221 1691 3280 delevisse
1712 3238 1816 3280 memo·

156 3333 216 3389 cst,
230 3324 380 3395 ligurarmn
402 3332 483 3396 caput
505 3323 602 3390 bouis,
624 3336 703 3390 quem
720 3320 868 3394 ,AEgyptih
888 3321 961 3377 sicut
1011 3326 1098 3372 ratur.

155 3416 220 3473 alibi
235 3416 460 3483 observavimus,
474 3415 553 3487 Apitn
567 3415 709 3472 vocabant.

194 3505 266 3563 ileos
283 3513 374 3562 autem
394 3504 494 3577 populo
512 3505 618 3577 ingrato
631 3505 736 3572 iratus,
762 3504 849 3575 pergit
865 3510 960 3560 auctor

160 3606 265 3664 noster,
278 3597 351 3652 illum
368 3596 497 3668 grauibus
510 3596 598 3669 puertia
610 3595 769 3663 mulctarit,
792 3594 958 3665 subiugavit·

155 3706 210 3764 que
231 3691 301 3761 iugi,
323 3705 373 3763 per
392 3689 501 3764 Moysen
521 3692 600 3746 datae.
628 3689 732 3746 Rursus
755 3704 820 3746 rero
842 3688 959 3745 (tattaeus

155 3799 219 3841 cunr
239 3784 381 3841 Lactantio
403 3786 520 3852 rixatur,
534 3783 678 3856 objicitque
692 3783 743 3839 lroc
764 3782 859 3840 ialsum
879 3798 958 3853 csse,

157 3876 182 3934 si
202 3874 379 3942 Lactantius,
394 3876 623 3948 quemadmodum
637 3875 756 3943 ridetur,
769 3874 806 3932 ibi
827 3875 960 3947 signiilcet

157 3966 240 4023 iatam
256 3966 339 4024 luisse
362 3967 448 4040 legem
472 3968 501 4025 in
524 3967 604 4038 inuios
617 3968 718 4039 peccati
742 3982 859 4037 poenam.
875 3967 958 4023 ainte-

157 4074 237 4131 quam
251 4058 323 4116 enim
342 4059 476 4130 popolus,
491 4068 519 4115 ut
540 4059 584 4115 illc
606 4059 711 4128 arguit,
733 4057 872 4130 figurasset
890 4058 959 4114 vitu·

157 4150 231 4218 ium,
245 4152 300 4223 iant
328 4151 434 4222 tloysos
462 4150 528 4222 legis
547 4150 709 4220 accipiendae
735 4164 815 4205 causa
838 4162 957 4204 ‚nomem
1046 4126 1108 4180 strui
1120 4126 1264 4195 pinxerint:
1288 4140 1364 4195 qaam
1376 4137 1442 4178 rests
1457 4123 1607 4180 Lactantius
1624 4142 1659 4182 es
1675 4126 1724 4181 ltus
1737 4127 1814 4183 cliro-

1306 3401 1455 3444 tortuosus
1474 3401 1514 3443 ιιι.

1013 3477 1082 3546 Quot
1103 3477 1178 3531 annis
1192 3475 1295 3548 diopros
1312 3475 1450 3549 Troianum
1470 3479 1569 3534 cludens
1590 3483 1773 3538 untoeesserit:
1788 3493 1814 3537 et

1047 3568 1080 3623 de
1092 3568 1201 3621 aiiormn
1216 3568 1418 3639 prophetorum,
1441 3584 1572 3639 cerepum
1582 3585 1628 3626 seu
1645 3572 1812 3645 principum,

1046 3656 1093 3713 sub
1105 3674 1214 3729 quorrun
1226 3659 1332 3727 irnperio
1345 3659 1372 3711 iri
1381 3659 1542 3728 peramans,
1556 3669 1652 3730 oetute3
1665 3671 1727 3733 quot
1736 3664 1813 3735 elop-

1046 3756 1081 3809 sis
1094 3765 1151 3825 post
1165 3751 1307 3827 Trojarrunt
1320 3754 1449 3808 escidium
1462 3756 1536 3810 uanis
1546 3753 1633 3810 Dauid
1647 3766 1671 3813 sl
1685 3757 1813 3816 Salomon

1045 3845 1227 3918 repnuocrirrt3
1245 3863 1276 3899 us
1288 3856 1348 3916 quot
1365 3846 1425 3901 iude
1444 3847 1572 3918 usquead
1592 3845 1689 3905 Christi
1714 3860 1814 3925 tempus

1046 3948 1229 3993 nuntmsntur:
1247 3947 1335 3992 utrum
1357 3935 1499 3993 Zucirurius
1524 3941 1602 4011 {uerit
1623 3941 1729 3998 ultimus
1752 3961 1814 4013 pro·

1046 4033 1143 4104 pireto,
1158 4040 1180 4087 et
1193 4042 1255 4105 quot
1265 4030 1297 4086 ub
1311 4035 1366 4106 ejtts
1377 4041 1451 4088 oetuls
1463 4034 1588 4103 usquead
1601 4032 1697 4090 Christi
1707 4044 1814 4092 atostsm

155 4243 344 4301 adscenderat.
369 4243 421 4303 Sed
453 4243 581 4315 noniquid
605 4242 721 4300 Gaiiaus
754 4243 820 4299 satis
844 4241 959 4299 attendit
1046 4219 1150 4289 '‘mii“
1164 4217 1301 4273 ⁶⁰¹¹⁶¹²¹d⁰¹
1316 4227 1548 4324 Μ’ΨΜΜ
1566 4220 1814 4277 ‘’mimmii‘’

155 4336 268 4410 lloyseu
282 4336 367 4394 semel
380 4346 407 4394 et
429 4335 526 4392 iterum
539 4332 713 4392 adscendisse
727 4333 798 4391 hurrc
817 4343 956 4401 montem,
1046 4313 1151 4417 ΨΜ
1164 4311 1239 4385 ‘⁰¹¹9‘
1253 4320 1328 4366 ‘'lu‘'
1341 4310 1467 4379 ‘didimi
1485 4328 1565 4382 qaam
1577 4312 1623 4369 ''l“
1634 4313 1710 4370 ’ΨΜ
1724 4317 1810 4388 [W

154 4443 188 4484 ac
216 4438 277 4499 post
300 4427 448 4485 secundum
470 4426 533 4483 inde
557 4425 718 4481 descensum
747 4425 814 4482 duas
836 4424 957 4481 Hebraeis
1046 4414 1088 4460 ⁸¹⁸·

153 4521 265 4580 dedisse
288 4522 354 4594 legis
369 4520 491 4577 tabulas?
511 4519 580 4577 'ium
599 4519 778 4574 enimeorum
800 4517 998 4585 sceiercol-I)
1045 4516 1162 4591 lloysis,
1194 4517 1363 4589 aliorumque
1390 4518 1580 4590 prophetarum
1614 4529 1722 4580 etatem
1755 4539 1810 4582 non

154 4613 249 4672 iensus
261 4614 364 4682 iuerat,
380 4622 523 4686 antequam
534 4627 581 4669 eos
594 4609 646 4683 legi
660 4609 825 4681 subjugaret.
1010 4610 1120 4667 aliunde
1141 4610 1314 4680 Lactantius,
1329 4620 1356 4667 et
1375 4611 1436 4683 jure
1449 4611 1557 4683 quidem
1573 4617 1688 4685 merito,
1703 4618 1810 4688 putavit

191 4707 327 4765 crateres
354 4705 509 4762 Lactantius
538 4712 632 4760 censet
664 4702 732 4758 hanc
756 4701 842 4772 legem
866 4699 955 4757 datam
1010 4703 1110 4758 certius
1125 4715 1205 4772 posse
1222 4706 1347 4774 agnosci,
1371 4719 1498 4776 quamex
1513 4706 1812 4779 designatotempore,

154 4804 240 4861 inisse
265 4820 317 4859 non
329 4804 355 4859 in
370 4813 456 4859 ntorrtc
470 4801 555 4870 Sion,
581 4801 665 4857 sedin
679 4809 764 4855 monte
788 4797 855 4854 diet
879 4796 958 4872 (Luc-
1009 4811 1064 4870 quo
1078 4796 1203 4852 aixerunt
1215 4806 1243 4852 et
1263 4807 1442 4867 regnaverunt
1456 4813 1534 4871 reges
1552 4808 1580 4857 ct
1594 4802 1746 4873 principes,
1760 4805 1816 4860 sub

155 4908 241 4967 tant,
255 4899 299 4953 tit.
319 4914 357 4966 tv,
369 4914 428 4970 cap.
443 4896 499 4968 ii).
514 4895 590 4964 erod
604 4894 713 4966 quidem
726 4909 742 4950 a
757 4892 887 4951 lialacltia
901 4934 910 4962 ,
924 4906 957 4949 ac
1009 4904 1125 4961 qnorum
1149 4889 1263 4961 imperio
1287 4889 1325 4944 illi
1349 4889 1474 4948 iloruisse
1498 4892 1684 4964 perhibentur.
1709 4894 1810 4964 Quam·

157 5000 252 5061 postea
275 4989 309 5046 alr
331 4989 434 5045 Irenaeo
444 4988 562 5057 (iream,
586 4988 631 5043 lii.
649 5003 675 5043 rr
698 4986 874 5052 austures,
897 5002 955 5060 sup.
1009 4986 1103 5043 obrem
1118 4993 1224 5058 tempus
1243 4984 1308 5041 iilud
1333 4987 1545 5058 inuestigandum
1568 5003 1630 5045 esse
1653 4989 1813 5060 existimat,

154 5079 219 5154 21)
250 5080 374 5136 similiter
406 5078 533 5135 traditona
562 5085 605 5134 est
632 5076 789 5150 (Mobsi,
822 5093 871 5146 tv,
898 5075 954 5150 il.
1007 5080 1166 5152 quamrisin
1182 5093 1216 5135 eo
1228 5078 1375 5149 retegendo
1389 5094 1444 5135 non
1459 5095 1583 5151 magnam
1603 5081 1749 5140 arbitretur
1762 5098 1810 5140 oc-

155 5173 251 5246 Reque
274 5172 300 5228 id
322 5173 419 5228 mirum
450 5171 498 5228 tibi
524 5169 655 5226 videatur.
680 5167 746 5226 liam
776 5183 814 5227 cx
840 5169 957 5241 ipsomet
1007 5186 1117 5229 currere
1142 5170 1338 5229 diillcultatem.
1366 5170 1434 5229 Rana
1469 5180 1594 5229 testatum
1628 5176 1812 5249 unusquisque

156 5266 252 5338 lioyse
265 5274 293 5320 et
315 5264 479 5335 llieronymo
493 5261 622 5318 discimus
634 5261 706 5317 hunc
719 5270 839 5317 montem
856 5260 957 5334 duplici
1008 5264 1139 5339 propheta
1161 5263 1242 5332 lecit,
1254 5262 1367 5336 sobquo
1381 5277 1465 5336 rege,
1488 5265 1531 5321 rel
1552 5266 1674 5339 principe
1693 5270 1811 5339 uixerit,
1869 5311 1872 5318 ,

156 5358 268 5415 nominc
287 5371 359 5412 nunc
373 5356 469 5423 Sinai,
490 5370 562 5412 nnnc
577 5352 686 5412 Choreb
701 5353 813 5410 vocitari
835 5352 956 5425 (Esse,
1009 5354 1160 5426 litterisque
1176 5370 1210 5413 oa
1224 5353 1411 5425 mandauerit,
1425 5370 1486 5427 que
1496 5354 1587 5413 divino
1598 5357 1702 5430 Spiritu
1714 5359 1811 5416 aman-

155 5466 233 5516 xxnt,
259 5449 311 5515 l8;
328 5448 482 5516 deuteron,
503 5464 565 5516 xrs,
589 5449 621 5516 i,
648 5446 682 5514 23
696 5445 866 5519 iiismnpnn,
880 5448 957 5520 epist.
1011 5446 1115 5516 lo,diu
1129 5453 1193 5505 ante
1206 5445 1355 5516 didicerat,
1369 5462 1449 5520 quarn
1459 5449 1610 5507 evenerint.

155 5541 192 5597 nd
213 5539 332 5608 Felici,
348 5541 381 5595 ds
396 5540 429 5596 ts
442 5538 592 5612 mundani.
607 5537 721 5609 Quidam
737 5537 960 5610 veroiopinantur
1048 5539 1101 5597 Sed
1117 5547 1227 5612 praestat
1241 5540 1410 5597 Lactantium
1426 5541 1532 5611 ipsum,
1546 5541 1580 5599 de
1590 5542 1681 5616 iiorsc
1696 5543 1809 5615 loquen-

155 5630 249 5701 0reb,
269 5648 319 5689 seu
346 5631 460 5700 iloreb,
480 5647 530 5690 seu
553 5630 661 5689 citoreb
682 5645 744 5688 esse
762 5631 863 5688 montis
886 5630 961 5690 Sinai
1011 5642 1078 5702 tem,
1093 5632 1288 5704 priusaudirs:
1305 5651 1315 5686 ι
1334 5632 1411 5689 iluitl
1424 5634 1591 5705 scriptores,
1610 5653 1620 5690 ι
1637 5635 1740 5708 inquit,
1755 5637 1812 5694 sii·

157 5733 311 5792 sommant,
327 5722 372 5780 alii
386 5723 601 5792 occidentalem,
615 5723 661 5780 aiii
672 5722 831 5780 orientalem
845 5734 958 5794 partem.
1011 5721 1077 5783 bros
1090 5723 1124 5781 de
1138 5726 1306 5796 temporibus
1326 5723 1490 5793 ediderunt,
1514 5725 1619 5783 initium
1647 5726 1776 5786 iacientes
1801 5739 1819 5785 a
