4142 6184
223 288 278 347 ιιι

222 479 420 533 constiturorum
434 482 542 552 proefiee
553 484 639 548 tituto,
648 482 809 540 catholicum
819 482 964 552 Epictetum
976 483 1025 538 lc·

221 551 300 606 robes
329 550 411 621 fretu
438 551 542 608 Domitii
569 558 682 626 scripsit.
706 554 776 623 Quid
791 554 863 625 qued
878 555 1027 626 perillustri

219 621 342 692 cupere
358 624 477 695 itemque
491 625 584 696 Lipsio
598 629 632 682 ad
648 626 734 682 Taciti
754 627 884 691 hniiales,
900 627 1027 682 videntur

220 708 277 750 riori
290 694 428 750 immerito
440 696 600 765 Christiani,
617 699 662 769 qui
676 699 727 753 sub
744 697 857 753 Claudio
870 698 964 753 Romae
977 698 1026 754 de·

235 766 331 830 ebant,
344 763 445 822 iudaeis
473 769 527 824 illis
549 769 724 835 accensendi,
738 772 784 839 qiii
796 784 811 823 a
825 767 940 824 Claudio
955 771 1026 826 male

238 836 307 892 abiti
322 848 397 904 sont,
413 838 500 906 idest,
516 856 585 910 quos
597 839 737 905 Claudius,
753 839 825 896 Luca
840 843 913 906 (bct.
927 843 1022 910 apost.

217 923 298 971 xrui,
311 908 330 962 2
343 908 354 981 l
368 920 396 965 et
409 910 539 967 Suetonio
552 913 668 968 testibus
679 912 764 967 llnma
777 913 866 982 coegit
879 913 1022 969 excedere.

217 979 274 1036 car
285 995 353 1051 ergo
371 989 517 1054 utrumque
531 994 632 1039 motum
655 983 776 1042 Caeilius
792 994 886 1038 noster
905 998 958 1037 non
975 999 1024 1040 nii·

216 1056 338 1107 merarii
364 1052 435 1108 inter
462 1056 677 1124 persecutiones,
702 1070 753 1111 nec
772 1055 852 1111 aliter
867 1054 975 1110 tandem
997 1056 1023 1111 in

216 1125 341 1192 speciem
365 1124 400 1179 de
427 1123 535 1182 Nerone
558 1128 674 1192 locutus,
692 1142 772 1198 quam
795 1141 855 1182 ciim
878 1126 913 1181 de
927 1126 1023 1182 eodem

215 1193 356 1262 Sulpicius
370 1197 498 1253 Seuerus.
517 1216 528 1251 i
546 1199 608 1266 Qui,
620 1214 674 1253 non
689 1201 788 1265 dicam,
802 1197 897 1268 inquit,
915 1212 1022 1267 regum,

214 1267 265 1321 sed
282 1268 403 1321 omniurn
427 1270 577 1332 huminum,
594 1281 622 1325 et
644 1272 686 1324 rel
701 1271 858 1325 immanium
875 1269 1022 1326 bestiarum

214 1337 432 1405 sordidissimus,
448 1340 546 1411 dignus
567 1342 682 1408 exstitit,
694 1342 740 1412 qni
752 1341 971 1411 persecutionem
995 1346 1022 1398 in

213 1409 389 1466 Christianos
405 1413 506 1481 primus
521 1414 661 1483 inciperet.
676 1433 686 1466 r
702 1414 804 1483 Nempe
817 1412 888 1482 quod
901 1413 944 1467 liic
958 1427 1023 1469 auc·

215 1487 263 1536 ter
286 1499 296 1535 i
325 1497 493 1555 mquaqiiam
519 1484 715 1555 imperatorum
742 1484 893 1539 aliorumve
914 1484 1023 1553 quales·

212 1561 338 1623 cumque
348 1555 560 1624 persecutiones,
572 1571 720 1628 eorumque
735 1555 890 1627 poenasjam
906 1554 968 1610 inde
987 1556 1021 1612 ab

211 1623 340 1680 Ecclesia
356 1634 416 1694 post
429 1626 529 1682 Christi
539 1629 759 1699 Assumpiiimem
770 1627 959 1683 constituenda
974 1643 1021 1682 ex-

212 1710 323 1766 ponere
333 1695 413 1753 luerit
431 1713 445 1752 a
484 1714 594 1754 ressust
612 1716 623 1753 i
638 1700 687 1755 sed
701 1708 802 1754 tannim
820 1715 831 1750 i
847 1713 861 1751 a
875 1698 1017 1768 principio,

632 295 736 353 ΝΟΜ
756 294 790 352 ΙΝ
808 293 872 352 tiu.
895 293 940 353 DE
959 293 1134 357 nonnulis
1152 297 1344 360 PERSECUT.
1364 302 1442 362 cte.
1463 305 1496 360 ll.

222 408 296 477 rique
314 405 427 478 dispersi
439 417 510 477 mut,
534 411 569 465 avt
581 427 654 482 quei,
674 412 791 482 fidelium
813 411 840 465 iii
867 411 1026 482 dispersione
1039 414 1067 480 Δ

1830 302 1883 363 bib

1081 413 1118 469 ob
1131 427 1194 484 quaa
1206 429 1260 470 non
1275 416 1372 486 iniuria
1385 417 1473 474 videri
1495 418 1582 488 possit
1601 418 1731 491 seriptum
1746 422 1882 494 quondam

1078 483 1173 552 luisse,
1187 495 1211 541 et
1224 485 1339 543 Petiliiui
1357 489 1445 561 phitio
1459 491 1595 559 interiecit.
1613 491 1712 560 Unum,
1724 493 1796 564 quod
1812 495 1881 551 Pau·

1079 555 1134 610 lum
1147 558 1238 627 gladio
1253 561 1379 629 periisse,
1393 561 1465 616 colle
1485 562 1592 619 scilicet
1613 563 1715 632 deciso,
1730 568 1882 624 communis

1078 626 1256 685 sitlleterum
1282 633 1426 688 sententia.
1454 633 1576 688 hltcriim
1603 645 1708 702 autem,
1734 639 1880 706 quiscum

1076 708 1172 755 noster
1184 702 1318 757 oratorias
1333 703 1407 774 leges
1421 704 1556 771 calluerit,
1570 713 1599 761 et
1614 707 1640 761 iii
1658 707 1881 767 antecedentibus

1077 773 1238 843 martyrium
1264 772 1337 828 Petri
1364 789 1518 830 memorans
1549 777 1758 833 instrumentum
1798 781 1880 838 simul

1076 844 1201 915 martyrii
1225 846 1419 911 nominaverit,
1448 845 1556 901 Petrum
1571 850 1642 903 cruci
1665 852 1745 922 ulpich
1762 851 1806 905 vix
1832 867 1882 922 po·

1078 916 1161 969 tuerit
1184 930 1237 970 non
1252 918 1435 984 continenter,
1450 928 1475 974 ιι
1498 918 1612 974 Ριιιιιι
1632 922 1719 993 plodio
1741 922 1879 993 interfecit,

1076 984 1221 1053 subiicere.
1237 987 1402 1054 Praesertim,
1416 1004 1478 1044 ciini
1497 1005 1530 1046 ex
1546 992 1678 1060 ejusmodi
1690 996 1790 1064 regulis
1809 996 1880 1065 aptud

1074 1055 1219 1125 Sutptumn
1233 1058 1365 1115 Severum
1382 1061 1522 1128 legamus:
1538 1061 1640 1119 Pacilus
1651 1082 1682 1119 ac
1697 1063 1789 1120 Petrus
1809 1068 1881 1138 capi-

1076 1126 1108 1180 tis
1121 1126 1250 1194 dementi,
1265 1147 1374 1201 querum
1387 1133 1432 1186 urii
1452 1134 1538 1188 cereis
1558 1135 1645 1204 gladio
1658 1137 1769 1203 deiectu,
1786 1135 1881 1195 Petrus

1075 1197 1101 1251 in
1111 1214 1213 1254 crucem
1234 1204 1350 1257 ruitaria
1363 1213 1416 1270 est‚·
1431 1205 1546 1276 parique
1557 1206 1637 1260 niodo
1651 1209 1721 1334 apud
1731 1208 1876 1264 drusium:

1075 1267 1172 1393 iim)
1194 1271 1354 1329 beatissimos
1379 1273 1475 1330 Christi
1499 1277 1639 1349 apostolos,
1691 1290 1772 1333 etriini
1787 1295 1877 1341 cruce,

1100 1341 1189 1395 aulum
1224 1344 1312 1416 plodio
1346 1348 1460 1413 occidit,·
1494 1362 1658 1419 rursumque
1686 1350 1778 1404 itidem
1805 1352 1876 1420 opud

1074 1411 1379 1487 Pseudo-liegcsippiim
1404 1435 1410 1472 :
1426 1419 1497 1473 Alter
1518 1434 1604 1483 cruce,
1619 1421 1684 1475 ulter
1697 1421 1784 1492 plodio
1802 1438 1878 1477 necu-

1074 1492 1115 1537 ιιι
1127 1496 1184 1550 ett,·
1199 1485 1294 1542 Giaece
1309 1499 1397 1543 autem
1408 1489 1659 1560 apiid'ibeodoriim
1676 1492 1850 1547 lletochitani
1866 1511 1874 1548 :

1073 1552 1103 1609 ‘0
1114 1558 1198 1642 {lipom
1213 1559 1256 1614 riv
1267 1561 1358 1639 Πέτρον
1368 1562 1527 1639 isruiipuicc,
1539 1563 1584 1617 τὸν
1594 1562 1621 1619 δὲ
1629 1565 1725 1619 Παῦλον
1735 1563 1777 1620 διὰ
1787 1566 1876 1638 ξίφους

1073 1627 1227 1692 larissaeae.
1241 1630 1362 1685 Tertium
1378 1631 1506 1701 denique,
1523 1635 1650 1703 quoniam
1676 1647 1779 1689 tantum
1795 1641 1873 1692 abest

1073 1707 1103 1752 ut
1115 1700 1217 1755 Latinis
1231 1701 1355 1757 Patribus
1369 1703 1522 1771 interficere,
1537 1705 1579 1760 rel
1594 1707 1726 1775 interfici,
1742 1715 1817 1761 curta
1836 1708 1874 1762 lo·

209 1780 245 1821 ex
260 1782 318 1837 quo
331 1777 373 1824 est
399 1768 452 1825 Ecc
465 1771 520 1825 esia
540 1770 697 1826 constituta.
717 1790 727 1823 r
746 1771 785 1826 Ex
800 1769 851 1824 hoc
866 1777 956 1823 autem
972 1784 1017 1826 se·
1072 1771 1180 1826 cutione
1201 1773 1359 1842 specialiter
1373 1781 1400 1828 ιι
1416 1776 1524 1846 proprie
1537 1776 1676 1842 decollare,
1691 1778 1734 1833 vel
1751 1778 1875 1833 decoliari

209 1839 309 1894 cundo
322 1839 442 1896 Ecclesia
457 1839 608 1897 Christiana
621 1840 691 1897 hand
703 1852 765 1898 ante
777 1841 914 1895 constitum
931 1840 1014 1897 luisse
1029 1809 1055 1871 Β

209 1910 354 1966 censenda
369 1921 411 1967 ιιι
436 1927 515 1983 quarn
531 1925 673 1984 postquam,
688 1913 797 1985 apostoli
811 1928 857 1985 per
868 1927 948 1967 areos
965 1913 1011 1980 95,

208 1995 298 2050 usqae
311 1981 347 2036 ud
360 1984 516 2054 principiam
531 1985 674 2040 iluouieiii
686 1985 787 2055 imperii
800 1999 846 2054 per
857 1999 942 2038 omnes
955 2000 1014 2055 pra·

207 2054 313 2109 vincius
328 2069 360 2107 ιιι
373 2056 487 2110 ciuitates
501 2056 669 2127 [undumente
692 2054 816 2112 Eccleat'ie
829 2055 962 2109 miserunt.
979 2056 1013 2111 Et

207 2132 311 2180 nestro
330 2125 410 2196 igitur
423 2126 547 2197 scriptori
562 2125 635 2181 llere
650 2130 763 2199 optime,
779 2126 885 2181 ceteris
898 2133 1013 2181 cetero·

207 2210 273 2250 rum
291 2206 496 2264 persecutorum
512 2213 561 2270 per
586 2199 646 2254 illos
670 2200 706 2256 25
721 2213 807 2254 annos
828 2197 1014 2253 ierationibiis

209 2264 246 2321 ile
260 2266 395 2323 industria
410 2270 612 2339 pretermissis,
627 2269 725 2326 dicitm
732 2271 831 2342 priami
842 2268 955 2322 omniane
965 2267 1014 2323 Dei

210 2352 301 2394 rerum
309 2352 467 2408 persecutus.
480 2339 592 2411 snpple,
607 2353 664 2410 porr
678 2342 818 2396 Ecclesiam
830 2339 906 2395 sunit
919 2340 1014 2394 coniti·

213 2418 306 2466 tritum.
323 2410 552 2477 iiii'aiictoritate,
568 2428 629 2484 quse
642 2423 734 2468 nostra
750 2414 785 2467 sit
799 2411 894 2481 major,
911 2412 1014 2481 urgeri?

215 2479 295 2536 Extat
318 2483 389 2552 apud
403 2482 582 2554 tlogustioum
597 2486 632 2540 de
650 2485 765 2542 Ciuitate
780 2484 837 2546 liei,
854 2481 923 2537 libro
937 2498 1012 2550 xviii,

219 2561 296 2622 caput
315 2553 366 2621 52,
388 2568 450 2610 cum
466 2555 516 2610 hoc
530 2555 657 2613 lemmate
673 2575 679 2611 :
698 2575 708 2610 i
727 2556 769 2612 An
786 2553 951 2610 credendum
967 2556 1012 2620 sit,

220 2624 411 2697 quodquidam
427 2633 531 2697 putant,
553 2626 672 2697 impletis
698 2628 791 2684 decem
816 2624 1013 2708 persecutioni·

222 2696 269 2751 bus
293 2712 352 2768 quae
368 2697 489 2764 luerunt,
502 2698 605 2753 nullam
618 2711 772 2770 superesse,
789 2706 887 2768 preter
902 2696 1012 2752 iinileci-

220 2781 297 2834 mam,
312 2783 373 2839 quta
395 2768 495 2841 inipso
517 2767 674 2827 Antichristi
695 2783 816 2841 tempore
835 2767 1010 2823 sitieram.»

220 2837 285 2908 Lege
296 2839 377 2895 illud:
397 2850 426 2896 ιι
439 2858 473 2895 an
489 2841 562 2896 aliud
587 2857 668 2912 quam
684 2842 824 2915 quodiam
847 2841 1012 2906 monuimus,

220 2921 283 2979 epus
295 2912 330 2966 sit
350 2911 432 2977 lacto,
449 2920 537 2968 tecum
560 2915 659 2984 cogita,
676 2930 736 2969 enm
759 2913 792 2968 ad
812 2911 872 2966 hec
884 2912 1010 2967 veneris:

223 2997 232 3033 i
249 2981 360 3039 Ριίιιιιιιι
376 2982 617 3067 (persecutionem)
633 2993 818 3057 computante
833 2983 989 3038 Nerone...
1004 3023 1010 3037 .

221 3052 278 3108 Sed.
297 3094 304 3109 .
321 3097 327 3108 .
344 3055 417 3126 quiil.
437 3094 444 3110 .
463 3056 528 3127 ‚qul
551 3056 602 3113 lioc
626 3060 756 3124 sentiunt,
770 3055 868 3112 dicturi
894 3063 957 3110 suut
978 3055 1014 3112 de

219 3129 414 3196 persecutione,
430 3143 481 3198 qua
507 3128 565 3199 ipse
589 3129 718 3184 Dominus
742 3128 887 3185 crucillxus
912 3126 1012 3182 estlln

1068 1840 1229 1910 significent,
1245 1854 1274 1898 iit
1292 1844 1311 1899 li
1326 1857 1418 1900 contra
1433 1846 1605 1918 quandoque,
1622 1848 1695 1903 verbi
1715 1849 1810 1920 gaillia,
1832 1851 1873 1905 iii-

1068 1913 1191 1969 terliccie
1204 1913 1332 1980 breviter,
1346 1930 1394 1985 pio
1408 1917 1557 1989 crncippere
1570 1919 1730 1989 posuerint,
1746 1935 1872 1977 nonnun-

1066 1997 1145 2053 quam
1169 1994 1260 2042 autem
1284 1987 1407 2056 interfici,
1435 2002 1485 2058 pto
1508 1991 1665 2062 precipitari
1683 1993 1710 2045 in
1729 1993 1836 2062 (tunicii,
1852 2003 1877 2047 et

1065 2057 1202 2138 merqetitlc
1234 2059 1332 2112 uereri.
1358 2057 1539 2115 Tertullianus
1563 2062 1597 2116 de
1623 2061 1787 2133 Syriagoga,
1814 2081 1875 2134 uum

1065 2123 1213 2194 Christum,
1229 2129 1301 2198 quod
1315 2144 1412 2185 omnes
1425 2141 1536 2199 norunt,
1550 2135 1638 2189 securi
1657 2149 1710 2188 iion
1726 2134 1807 2201 leriit,
1822 2135 1869 2191 scd

1065 2198 1218 2253 crucilirit:
1235 2200 1335 2265 Ouinia,
1358 2202 1461 2273 iuquit,
1485 2203 1625 2275 Spesque
1648 2205 1761 2273 fitiorum
1787 2203 1872 2261 irritet

1065 2284 1122 2323 euin
1146 2268 1259 2338 (iesum)
1277 2273 1415 2343 interiecit,
1430 2276 1542 2329 dicentes
1563 2293 1579 2329 ii
1620 2274 1747 2345 Pilatum,
1770 2284 1797 2331 et
1810 2293 1871 2347 qum

1065 2352 1225 2411 sequuntur.
1241 2343 1366 2398 Latinum
1381 2360 1445 2400 vero
1461 2346 1569 2402 Eusebii
1590 2347 1742 2404 Chronicon
1756 2346 1790 2403 cle
1802 2349 1867 2417 Qni-

1065 2412 1127 2466 riiio
1142 2425 1270 2485 niaripie,
1283 2431 1364 2484 quem
1378 2426 1475 2482 ieiuni,
1490 2416 1542 2472 boc
1555 2428 1608 2482 est,
1622 2435 1677 2473 non
1692 2422 1766 2488 prius
1781 2418 1872 2476 decol-

1066 2481 1161 2548 latum,
1176 2484 1277 2540 ethnici
1296 2488 1322 2540 iii
1337 2487 1448 2541 lliiviuni
1465 2489 1680 2559 praecipitarunt,
1693 2499 1721 2545 et
1738 2490 1765 2544 hi
1777 2501 1871 2560 postea

1066 2555 1107 2608 rel
1127 2554 1164 2609 illi
1188 2557 1334 2627 mergendo
1350 2558 1556 2613 interemerunt.
1572 2576 1583 2611 i
1599 2560 1739 2627 Quirinus,
1761 2560 1869 2629 episeo-

1065 2639 1116 2696 pus
1142 2624 1314 2694 sciscianus,
1334 2643 1384 2752 [ιιι
1416 2629 1523 2685 Christe
1548 2630 1665 2700 gloriose
1693 2631 1865 2687 interlicitur.

1065 2695 1131 2751 Nam
1147 2698 1264 2753 iiiaiiuuli
1288 2715 1358 2754 mea
1374 2699 1407 2754 ivd
1421 2701 1520 2756 collum
1542 2700 1634 2772 ligata,
1649 2712 1757 2770 cponte
1771 2704 1868 2773 pruci-

1066 2768 1166 2838 pitatus
1190 2769 1218 2823 iii
1242 2769 1352 2825 havium
1368 2769 1520 2828 diutissime
1542 2775 1737 2840 supernatavit,
1755 2784 1782 2829 et
1804 2789 1865 2830 cuin

1065 2840 1253 2911 spectantibus
1266 2842 1429 2910 collocutus,
1442 2858 1475 2899 ne
1486 2858 1535 2898 suo
1546 2853 1716 2899 terrerentur
1728 2845 1865 2912 exemplo,

1065 2914 1109 2965 vir
1124 2927 1215 2980 ermis,
1227 2921 1256 2967 ut
1266 2921 1433 2982 mergeretur
1447 2915 1573 2970 obtinuit.
1590 2935 1600 2969 v
1616 2914 1741 2985 Cogitent
1756 2916 1865 2972 inierim

1064 2981 1174 3049 eruditi,
1193 2986 1219 3039 ni
1234 2987 1377 3040 molestum
1391 2992 1443 3054 ιιι,
1456 3002 1491 3041 aii
1507 2987 1641 3057 hocipso,
1654 2988 1726 3058 quod
1740 2988 1776 3042 ita
1788 2989 1864 3044 inter·

1064 3053 1141 3123 ficcre
1166 3056 1193 3109 iii
1216 3055 1382 3128 crucifipendi
1400 3065 1428 3113 ct
1449 3058 1628 3131 subnieiqeiuti
1654 3059 1881 3130 significatione,-

1065 3134 1191 3182 manante
1211 3127 1336 3183 nimirum
1356 3143 1370 3181 a
1387 3132 1582 3200 generali,qua
1603 3145 1651 3200 pro
1676 3132 1791 3186 occidere
1809 3141 1865 3188 cte

220 3210 269 3266 quo
280 3211 338 3253 eam
352 3201 673 3271 suninnmernposnurtt
687 3201 716 3257 Si
728 3213 829 3266 amem,
844 3197 895 3253 bac
910 3200 1046 3269 excep-c
1063 3198 1146 3251 niediu
1169 3197 1258 3253 tollere
1282 3199 1399 3270 ponitur,
1424 3211 1582 3271 usurpatum
1608 3202 1780 3266 invenimus,
1803 3218 1858 3258 non

220 3273 253 3333 ia,
275 3270 428 3326 existimant
446 3272 667 3397 cooperandum,
695 3282 831 3344 tamqnam
852 3270 1010 3326 illeniime·

221 3338 305 3395 moda
319 3342 384 3409 sint,
399 3358 487 3413 quaca
518 3357 616 3415 cerpus
631 3345 776 3414 pertinent,
793 3357 845 3397 non
859 3357 910 3412 qua
922 3342 1008 3412 ipsum

221 3420 294 3479 caput
318 3423 359 3468 ιιι
373 3415 522 3485 appetitum
542 3423 570 3470 ιι
589 3417 719 3479 occisum,
734 3415 798 3487 quid
810 3421 891 3483 agent
904 3412 938 3467 dc
952 3411 1006 3495 illa,

222 3490 275 3548 ιιι
299 3495 390 3551 postea
405 3501 485 3556 quam
505 3484 627 3541 Christus
642 3488 765 3542 ascendit
780 3485 929 3548 bicinium,
946 3483 1009 3539 llic·

222 3553 356 3627 rosolymis
378 3555 447 3613 lacta
469 3567 521 3622 ιιι,
537 3558 582 3614 ιιι
596 3559 689 3614 beatus
709 3558 862 3628 Stephanus
877 3555 1009 3625 lapidatus

223 3632 267 3692 ist,
278 3627 322 3682 ubi
330 3625 458 3696 lacobus,
472 3627 555 3684 linter
564 3629 686 3695 loannis,
698 3630 787 3701 gladio
798 3627 1007 3694 trucidatusest,

223 3693 263 3749 ubi
275 3695 421 3768 Apostolus
440 3701 536 3756 Petrus
550 3711 580 3757 iit
594 3703 763 3758 occideretur
781 3700 901 3756 inclusus
915 3709 967 3762 est,
982 3709 1010 3755 et

222 3779 267 3889 pei
282 3771 412 3841 angelum
426 3772 573 3839 liberatiis;
591 3773 635 3827 ubi
650 3774 757 3838 Saulus,
774 3773 818 3843 qni
831 3779 922 3840 postea
940 3770 1010 3825 Pan·

232 3851 259 3893 us
278 3838 372 3910 lacius,
390 3845 511 3901 vastabat
526 3846 688 3912 Ecclesiani;
708 3846 753 3902 ulii
765 3850 823 3914 lpse
834 3858 941 3915 quoque
953 3841 1009 3913 jam

222 3906 294 3966 iidem
314 3929 394 3985 quarn
409 3916 621 3989 persequebatur
639 3917 827 3988 evangelizans
843 3957 850 3978 ,
866 3915 954 3986 qualia
968 3914 1008 3969 la·

222 3979 304 4038 ciebat
319 3995 361 4041 est
388 4001 495 4056 passus,
512 3989 569 4044 sive
591 4003 638 4058 per
650 3988 782 4052 induam,
799 3988 855 4043 sive
883 4002 931 4058 per
942 3985 1009 4041 alias

220 4063 317 4121 gentes,
328 4072 499 4130 quacumque
511 4059 647 4115 Christum
665 4059 867 4116 ferventissime
879 4058 1010 4128 praedica·

219 4124 278 4179 batt
288 4125 344 4183 Cur
357 4143 423 4200 ergo
437 4132 502 4186 cisa
518 4130 624 4187 Nerone
642 4132 750 4187 videtur
762 4130 933 4194 ordiendum,
947 4143 1009 4184 cum

219 4194 250 4249 ad
262 4195 375 4255 Neronis
389 4209 510 4272 tempora
523 4204 781 4260 interatrncissimas
796 4204 1007 4272 persecutiones,

218 4264 357 4338 dequibus
370 4274 450 4330 nimis
472 4275 581 4347 longum
605 4283 648 4330 ιιι
661 4285 758 4331 cuncta
772 4274 872 4339 dicere,
888 4271 1010 4328 Ecclesia

218 4343 362 4398 crescendo
374 4347 547 4415 pervenerit?
559 4345 636 4415 Qvod
649 4347 698 4403 sia
711 4346 828 4418 Regibus
850 4345 932 4400 lactas
945 4359 1009 4415 per·

218 4415 367 4471 sedationes
391 4415 417 4470 in
439 4418 720 4474 numerocristiinant
741 4433 801 4474 esse
823 4416 934 4483 debere,
952 4415 1010 4471 lter

218 4479 264 4538 luit
283 4484 415 4554 Heredes,
437 4490 481 4561 qui
495 4491 576 4545 eliam
592 4500 652 4560 post
670 4505 810 4547 ascensum
827 4488 933 4543 bomini
946 4503 1009 4558 gra·

217 4552 350 4614 rissiinam
363 4559 436 4615 lecit.
461 4580 471 4614 i
488 4561 622 4617 llactcnus
636 4577 700 4631 crgo
716 4559 889 4631 Augustinus.

250 4625 284 4681 Et
310 4631 411 4701 primus
431 4632 543 4687 onmium
560 4632 652 4705 (Nero)
676 4640 822 4706 persecutus
844 4629 892 4684 liet
913 4647 1008 4688 seruet.

217 4694 305 4768 Neque
316 4703 389 4756 enim
411 4702 477 4759 illud
492 4721 585 4760 verum
596 4715 648 4771 cst,
663 4703 734 4775 quod
746 4703 784 4759 illi
804 4701 1009 4774 blarlyrologie-

217 4783 273 4824 rum
289 4771 558 4848 llenelogiorumque
579 4777 814 4832 consarcinatores
838 4782 942 4844 putant,
955 4782 1009 4829 tani

218 4841 315 4899 multos
331 4846 524 4915 imperatorum
539 4847 621 4903 luisse
632 4858 830 4917 persecutores.
840 4846 891 4913 Qiii
902 4847 1011 4915 scripsit

218 4913 265 4969 sub
277 4915 457 4973 Constantino
471 4920 638 4985 Lactantius,
655 4933 754 4986 paucos
775 4927 838 4974 ante
865 4917 1009 4974 lliucletia-

218 4999 279 5041 num
300 4987 327 5042 iii
350 5004 384 5044 eo
401 5001 604 5061 persecutorum
627 4990 687 5046 albo
703 4991 839 5045 recensuit
855 5010 862 5044 ι
878 4988 1009 5046 Νιιοιιιι

218 5055 354 5126 duntaxat,
372 5061 564 5132 lleiniiianuni,
581 5062 701 5131 Decium,
727 5061 908 5126 Valerianum,
929 5071 1009 5132 atquc

219 5130 400 5188 Aurelianum.
412 5135 608 5206 Convenitque,
624 5150 674 5205 piu
692 5140 773 5188 etate
794 5148 853 5198 suti,
870 5148 930 5188 cuin
943 5133 1011 5188 Luc-

219 5203 301 5257 tantio
311 5199 509 5275 Tertullianiis;
524 5207 654 5263 necenim
668 5203 790 5261 aliosille
804 5214 867 5259 ante
880 5220 910 5260 ιι
929 5219 1010 5274 quam

220 5286 283 5340 quus
301 5274 457 5334 Lactantius
485 5289 673 5350 persecutores
688 5276 863 5346 imperatores
877 5276 1010 5347 agnoscit,

220 5339 349 5406 lleronem
365 5358 446 5419 atque
460 5351 652 5407 Domitianum.
670 5348 847 5403 nannenus.

256 5417 359 5476 Petrum
372 5422 444 5476 cruci
467 5423 569 5490 adimi.
589 5420 645 5478 lloc
660 5423 687 5476 in
699 5422 779 5477 Petro
789 5419 912 5491 supplicii
926 5433 1011 5490 genus

222 5484 519 5560 tustineantur,
536 5493 698 5549 cenhrmare
722 5490 839 5555 videtur,
864 5491 1012 5561 respiciens

222 5559 252 5614 td
264 5560 359 5621 Christi
384 5567 476 5632 rerba,
488 5568 594 5627 ἐκτενεῖς
606 5567 653 5626 τὰς
690 5565 760 5641 sipc'ic
774 5584 832 5619 σου.
854 5563 927 5617 Alitis
940 5561 1012 5620 enini

222 5637 299 5693 iaec-3
312 5639 454 5705 ζώννυσθαι
465 5642 560 5694 καὶτοῦ
571 5637 654 5711 diceps
688 5660 715 5692 ei
725 5633 789 5692 ὅπου
801 5655 839 5697 τις
850 5634 878 5689 οὐ
888 5634 960 5698 diiii,
968 5649 1014 5704 ge·

221 5723 268 5763 nus
288 5712 383 5767 nieriis
405 5710 551 5779 significari
576 5723 629 5763 uoii
654 5717 775 5777 peterat,
792 5705 839 5760 seil
854 5705 962 5788 quidem
987 5707 1012 5787 iii

220 5794 352 5840 carcerem
370 5791 398 5838 et
411 5781 517 5837 uincula
530 5780 676 5852 coiijectio;
691 5782 773 5836 etiam
788 5777 892 5847 absque
905 5776 1013 5847 capitali

183 5897 189 5942 p
219 5846 1012 5927 supplicioluccius.-·litPuvluinintersectulrlasuni,

1021 4600 1049 4661 D

1064 3269 1181 3337 potuerit
1200 3285 1308 3342 quoquc
1338 3271 1382 3326 hic
1404 3281 1510 3336 auctor,
1536 3273 1666 3343 neglectis
1687 3273 1861 3345 rigidioribus

1062 3347 1201 3396 oratorum
1219 3344 1371 3411 praeceptis,
1387 3342 1522 3413 iiitirsecir,
1546 3346 1606 3399 sine
1622 3344 1676 3400 ulla
1688 3345 1770 3417 gladii
1784 3360 1861 3402 meii-

1063 3412 1146 3476 timie,
1161 3413 1195 3467 de
1207 3413 1291 3468 Panlo
1305 3415 1393 3469 securi
1408 3429 1478 3469 casn
1494 3414 1633 3472 adhibere.

1099 3481 1157 3537 Nec
1170 3492 1254 3538 tumen
1271 3484 1332 3538 obiit
1347 3485 1461 3555 impune.
1476 3483 1563 3541 Simili
1582 3486 1671 3557 phrasi
1688 3497 1782 3544 nester
1792 3488 1862 3544 inira

1062 3553 1096 3610 dc
1109 3569 1174 3609 senc
1189 3554 1351 3612 Maximiano
1367 3573 1374 3609 :
1400 3556 1467 3623 Quin
1486 3558 1563 3612 iceret
1580 3559 1642 3613 utiit
1660 3561 1779 3630 impune,
1805 3571 1859 3617 ιιι.

1062 3626 1139 3681 initio
1154 3642 1214 3696 cap.
1229 3627 1275 3682 55.

1097 3696 1218 3770 Respexit
1238 3701 1305 3752 enim
1321 3698 1391 3754 Deus
1412 3701 1568 3755 uexationem
1582 3701 1674 3774 pupuli
1692 3702 1744 3757 sui.
1765 3701 1860 3771 Pauci,

1061 3769 1164 3838 crede,
1181 3770 1264 3825 alludi
1284 3770 1335 3826 boe
1351 3773 1410 3827 loco
1425 3773 1458 3827 ad
1472 3772 1552 3828 istum
1572 3772 1658 3828 Exodi
1679 3788 1739 3844 cap.
1761 3789 1801 3838 iii,
1817 3776 1833 3829 7
1850 3792 1857 3829 ε

1069 3839 1127 3894 Vidi
1140 3884 1147 3906 ,
1162 3842 1214 3895 vicli
1224 3842 1384 3913 afflictionem
1396 3845 1487 3916 pepuli
1499 3846 1567 3911 ntei,
1582 3844 1736 3917 siponjam
1749 3861 1783 3903 ex
1797 3863 1860 3904 sese

1061 3912 1264 3980 intellexerunt,
1282 3930 1380 3970 nunca
1395 3932 1437 3970 nic
1449 3915 1578 3971 admoniti
1592 3918 1737 3988 negabunt.
1752 3919 1791 3974 Eo
1802 3935 1860 3976 iiia·

1061 3985 1102 4054 gis
1121 3985 1210 4053 quod,
1229 4001 1290 4041 evim
1311 3986 1376 4041 olim
1402 3987 1437 4042 70
1455 3985 1618 4058 interpretes
1640 3989 1753 4044 llehraea
1775 3992 1858 4047 verba

1062 4055 1242 4124 reddiderint,
1258 4056 1326 4114 ἰδῶν
1339 4054 1404 4114 εἶδον
1417 4065 1462 4119 rie
1474 4061 1587 4116 κάκωσιν
1602 4067 1649 4117 τοῦ
1659 4061 1722 4117 iuei'i
1732 4068 1793 4136 μιῦ,
1807 4062 1857 4116 Βι·

1061 4142 1091 4181 za
1106 4129 1237 4199 superiori
1251 4131 1350 4185 saeculo
1364 4131 1726 4200 illorumtralatleneni(Act.
1741 4129 1855 4205 vigel),

1061 4201 1226 4268 expresserit
1249 4202 1275 4256 in
1298 4203 1369 4256 huuc
1389 4202 1519 4258 moduni:
1542 4201 1611 4268 Vidi,
1631 4202 1683 4256 uidi
1700 4205 1858 4258 veraciorem

1061 4272 1150 4342 popuii
1164 4272 1223 4335 aiei,
1237 4287 1298 4341 qnte
1313 4281 1341 4329 et
1356 4272 1444 4328 loisaii
1458 4273 1557 4329 veteris
1571 4273 1699 4329 editionis
1710 4272 1783 4328 iialae
1797 4291 1858 4329 vci-

1062 4344 1102 4395 sio
1116 4352 1183 4397 erat.
1198 4343 1297 4399 Extare
1309 4353 1383 4399 certe
1395 4343 1541 4399 etiamnum
1558 4344 1678 4413 pluribus
1699 4344 1766 4400 locis
1780 4361 1858 4399 uisu-

1062 4414 1138 4467 ticnii
1153 4429 1246 4470 vocem
1258 4414 1284 4473 in
1297 4414 1421 4484 Vulgata,
1431 4414 1593 4485 durioresque
1607 4430 1698 4480 sensu,
1714 4416 1785 4487 qnod
1800 4433 1854 4471 iiia·

1061 4486 1102 4555 gis
1117 4493 1167 4552 est,
1184 4488 1235 4541 lioc
1247 4496 1297 4551 est,
1313 4487 1481 4557 propraetori
1496 4487 1854 4560 afflictioneetpcrieciitienc,

1063 4571 1143 4612 nemo
1168 4557 1217 4612 nisi
1240 4557 1337 4627 iiiioria
1358 4559 1502 4612 dubitaret.
1527 4557 1593 4612 Nam
1608 4563 1679 4628 apud
1698 4558 1852 4626 terentium,

1062 4643 1120 4698 cap.
1137 4644 1218 4696 xxix,
1234 4628 1315 4692 18‚v.
1330 4642 1355 4684 c.
1366 4628 1401 4683 dc
1416 4629 1528 4685 sedecia
1543 4629 1654 4700 eiusque
1673 4632 1856 4700 principibus,

1063 4699 1136 4754 liobe
1147 4717 1200 4765 eos,
1215 4700 1302 4770 inquit
1316 4700 1460 4765 Dominus,
1473 4702 1500 4754 iu
1516 4702 1672 4756 occationem
1686 4702 1858 4775 afflictionem-

1062 4788 1110 4842 que
1122 4772 1238 4826 eninihiis
1251 4772 1430 4844 requieturus.
1450 4771 1548 4841 Sicque
1563 4772 1625 4827 alibi
1644 4781 1714 4844 apud
1725 4785 1857 4842 nostruin,

1062 4845 1104 4899 ιιι
1116 4843 1265 4914 Sulpicium
1284 4844 1380 4899 saltem
1395 4845 1542 4912 Severum,
1559 4861 1592 4899 ne
1605 4844 1639 4899 dc
1652 4846 1765 4901 aliorum
1781 4848 1858 4902 testi·

1062 4917 1160 4971 meniis
1174 4917 1225 4970 sim
1243 4916 1392 4982 sollicitus,
1407 4917 1506 4971 aesone
1528 4926 1554 4970 ιι
1565 4917 1723 4983 veneticum,
1742 4933 1789 4984 pro
1799 4933 1858 4989 per-

1061 4987 1250 5053 semitonium,-
1268 4989 1384 5058 itemque
1401 5002 1491 5041 vexare
1505 4997 1532 5041 ιι
1546 4987 1649 5052 cesari,
1665 5003 1713 5057 pro
1726 4989 1858 5061 persequi,

1063 5068 1109 5114 ιιι
1122 5061 1321 5130 persecutionem
1335 5059 1398 5128 pati.
1412 5057 1546 5128 Sulpicius
1559 5057 1658 5113 etenim
1671 5060 1728 5128 ipse
1738 5074 1856 5130 quoqne,

1063 5130 1110 5186 ttb.
1121 5146 1129 5183 i
1141 5128 1209 5185 llist.
1221 5129 1283 5184 Suc.
1307 5146 1312 5182 :
1329 5147 1338 5181 i
1354 5127 1447 5184 Visum
1463 5139 1505 5183 est
1518 5128 1601 5194 mihi,
1622 5129 1675 5193 ait,
1690 5145 1743 5184 non
1759 5130 1856 5186 absur-

1063 5200 1145 5265 dum,
1159 5215 1221 5255 cum
1237 5214 1321 5269 usque
1335 5201 1368 5253 eil
1381 5198 1481 5254 christi
1499 5214 1608 5255 crucem
1620 5201 1859 5273 apostolorumque

1063 5281 1141 5328 octus
1154 5287 1203 5343 per
1217 5287 1321 5326 sacram
1337 5271 1480 5327 Historiam
1491 5271 1689 5340 cucurrissem,
1716 5274 1796 5328 etiam
1801 5311 1857 5330 .....

1064 5345 1198 5400 excidium
1212 5343 1417 5415 hierosolymae,
1434 5344 1643 5414 vexationesque
1654 5345 1745 5416 pepuli
1762 5343 1857 5400 Chris·

1064 5416 1142 5482 tiaiii,
1157 5435 1167 5469 i
1185 5424 1250 5481 ele,
1265 5414 1374 5481 decem,
1389 5429 1457 5485 quas
1472 5419 1587 5480 vneviit,
1622 5417 1804 5471 eisecutioiies
1816 5415 1858 5469 iu·

1065 5488 1199 5558 telligens.
1213 5485 1288 5544 Unda
1320 5495 1454 5556 ostqiiaiii,
1469 5484 1576 5548 libvuii,
1611 5487 1752 5558 csingiilis
1766 5486 1858 5541 dicero

1065 5574 1226 5630 aggressuS,
1242 5568 1269 5614 et
1279 5501 1444 5628 utiqiiurlnin
1458 5571 1543 5625 usqne
1555 5561 1721 5629 priigressuS,
1738 5557 1856 5624 Quinctii,

1066 5631 1169 5700 inquit,
1184 5630 1229 5686 rub
1252 5629 1385 5685 lindriuiio
1398 5631 1538 5701 persecutio
1553 5640 1716 5692 uuiiieretur,
1742 5642 1857 5694 vivetque

1065 5702 1191 5757 similiter
1204 5701 1237 5756 de
1246 5703 1338 5774 quinta
1355 5719 1362 5756 ι
1380 5700 1435 5758 Sub
1451 5700 1566 5767 lurelie,
1581 5703 1701 5754 Antonini
1718 5697 1782 5768 filio,
1799 5713 1859 5768 pei·

1066 5773 1160 5828 secutio
1173 5773 1262 5844 qiiiutu
1282 5774 1399 5845 nqitctn,·
1417 5782 1520 5828 sextam
1541 5771 1638 5828 deinde
1659 5769 1797 5850 vexationis
1811 5784 1860 5823 iiu-

1067 5844 1150 5914 miiie,
1164 5853 1300 5915 tamquam
1314 5858 1424 5915 prorsus
1431 5857 1592 5915 synonymo,
1607 5841 1730 5913 indigitat
1745 5840 1787 5898 liis
1801 5856 1863 5898 vei·
