4142 6184
262 221 315 280 bd'l
958 219 1064 279 etuti
1081 217 1211 278 eadunt
1863 223 1915 281 att

260 342 321 399 ioco
334 339 531 403 autliuerimus;
546 335 613 393 illud
624 350 688 393 uero
702 335 735 393 ad
749 337 922 394 AEmilianum
938 354 992 394 nan
1005 353 1058 393 sa·
1071 339 1098 400 Α
1110 337 1208 391 scilicet
1223 337 1361 408 imperator
1375 336 1582 410 incapacitatem
1595 334 1714 390 auctuso
1728 334 1843 408 Sapore,
1856 350 1915 408 rope

259 413 314 469 lius
328 411 480 475 Valeriani,
495 406 542 465 sed
557 411 757 481 Atrqustnrum,
772 408 798 464 id
810 419 869 475 est,
884 409 1019 467 Valeriani
1031 418 1059 466 et
1110 407 1261 469 Persarum,
1275 424 1325 462 non
1338 409 1443 479 plodio,
1458 410 1505 463 sed
1516 407 1644 472 ludibrio,
1658 406 1779 461 omnibus
1788 408 1848 461 uitae
1862 423 1916 462 sate

259 483 374 540 Gallieni
391 499 398 535 ε
412 481 497 537 altera
511 490 616 544 antem,
644 479 717 551 quod
731 495 763 535 ιι
779 481 959 547 duattstormu
973 482 1058 537 usiad-
1112 477 1200 534 dicbus
1214 480 1305 534 muita
1326 497 1374 552 pro
1389 481 1463 550 [actis
1476 481 1607 552 percepit3
1620 479 1657 532 ita
1668 487 1696 531 ut
1708 478 1916 549 quotiescumque

260 577 302 613 ccc
322 554 355 609 ad
378 552 550 608 AEtuilianum
575 552 674 616 missa,
689 551 812 607 debuerit
825 551 870 606 ille
890 562 953 608 astte
967 554 1058 607 nrntria
1108 566 1155 604 ren
1170 550 1255 622 Sapor
1269 567 1362 615 equum
1374 553 1543 607 conscendere
1553 550 1639 616 uellet,
1652 565 1705 604 nnn
1717 550 1835 605 manibus
1846 551 1913 615 sais,

258 624 426 681 Christianos
439 640 496 679 suae
508 624 655 694 prouinciae
668 623 694 677 in
708 622 850 692 quemdam
864 623 955 693 Libyn
968 623 1057 678 Ιιιιιιιιι
1109 621 1155 674 ιιι
1169 623 1300 676 incuruata
1315 622 1403 687 dorso,
1418 633 1442 677 ct
1453 623 1480 678 in
1490 622 1586 677 ceruice
1596 622 1652 690 ejus
1667 620 1731 692 pete
1742 621 1839 692 posito,
1849 637 1914 692 aquo

258 697 369 752 nourine
383 694 491 765 Ceplrra
504 694 639 761 relegare,
654 709 705 764 qua
720 694 755 750 de
769 709 799 749 re
820 709 854 750 ne
869 695 981 750 verbum
996 696 1056 765 qui·
1110 693 1223 747 membra
1246 693 1349 748 leuaret.
1372 693 1447 751 Gaea
1468 702 1497 749 et
1517 693 1650 749 bennatus
1663 707 1725 747 cum
1746 693 1914 751 variantibus

259 766 320 824 dem
336 769 362 821 in
385 764 546 838 Cyprianieu
559 765 695 822 Valeriani
717 764 750 819 ad
765 776 889 820 senatum
905 765 1057 835 rescriptn;
1108 769 1199 818 tamen
1213 764 1316 835 aliquot
1326 764 1488 821 lectionibus
1499 779 1553 819 non
1566 762 1738 833 spernendis.

258 853 310 895 nee
324 839 420 905 injuria
435 852 516 903 sane,
529 852 591 893 cum
607 852 637 892 ea
652 851 697 892 res
719 836 752 889 ad
775 835 885 906 AEqypu
901 835 1058 906 pratariam
1146 833 1303 890 Romanum.
1330 834 1383 891 Tbe
1397 834 1498 890 liauton
1514 833 1669 908 Enrporour.
1688 833 1717 890 ld
1735 843 1795 903 est,
1811 832 1912 895 Roma·

258 909 411 980 specialiter
425 910 587 980 pertineret,
611 922 663 964 nan
685 906 718 962 ad
733 907 880 972 Senatum,
897 917 924 962 ιι
937 907 992 975 jam
1006 905 1059 962 Va·
1110 920 1174 960 num
1187 906 1390 977 imperatorem.
1406 905 1495 962 Vcrsio
1507 907 1623 977 duplica.

258 982 378 1037 leriauus
391 981 425 1036 de
445 979 624 1044 Christianis,
641 979 686 1050 qui
703 979 730 1033 in
745 979 890 1047 provinciis
902 977 1054 1045 decebant,
1147 974 1302 1031 Roscianum.
1316 976 1428 1050 Supple,
1441 978 1547 1050 lieqem,
1557 981 1608 1034 ἀπὸ
1621 984 1669 1035 τοῦ
1678 983 1773 1035 κοινοῦ.
1788 978 1913 1048 Quodne

258 1051 293 1108 ad
308 1068 400 1107 earum
417 1053 545 1122 presides
564 1050 729 1120 scripsisset.
746 1053 809 1105 Aeta
832 1049 935 1119 publica
951 1048 1059 1104 crudes-
1109 1046 1265 1103 dubitanter
1279 1049 1378 1113 iacias,
1390 1049 1453 1105 ride
1468 1057 1497 1104 nt
1506 1050 1665 1119 jarrrdudum
1681 1048 1837 1106 'leubellius
1851 1052 1911 1108 Pal·

259 1125 343 1180 siouis
358 1124 476 1195 Dionysii
490 1132 517 1177 et
529 1122 642 1177 aliarum
658 1120 729 1189 apud
746 1120 891 1176 Eusebium
905 1137 911 1173 :
927 1117 1054 1174 AEmilia-
1109 1116 1147 1173 liu
1160 1120 1294 1189 praeiverit
1307 1139 1313 1175 :
1326 1119 1495 1186 Valerianus,
1507 1122 1605 1190 inquit,
1620 1120 1700 1175 uictus
1714 1131 1751 1176 est
1763 1139 1780 1176 a
1793 1121 1910 1195 Sapore,

258 1210 307 1250 nus
322 1195 457 1264 praefectus
470 1193 557 1248 dicit:
576 1191 656 1247 Video
676 1206 721 1246 ιιι
741 1193 855 1262 inprotos
870 1208 922 1246 csse
936 1190 1014 1245 siutul
1027 1208 1059 1246 aa
1109 1187 1179 1260 Repe
1191 1189 1376 1247 Persarum...
1387 1208 1462 1263 qaam
1471 1209 1529 1246 cum
1537 1192 1779 1264 pluriosauictorite
1791 1210 1911 1251 succussa

258 1267 385 1336 stupidos,
401 1266 445 1336 qui
459 1265 616 1320 cicrtuentiaur
629 1265 802 1334 daqustorum
816 1263 919 1316 minime
932 1263 1058 1317 sentiatis.
1109 1262 1194 1315 tainus
1208 1263 1348 1332 honorifice
1360 1281 1438 1334 quarn
1447 1263 1563 1329 ductet,
1580 1262 1688 1335 superbo
1702 1273 1726 1318 et
1737 1264 1804 1319 elatu
1822 1266 1908 1322 animo

261 1335 431 1404 Quarnobrcm
447 1353 498 1390 nau
521 1335 653 1390 mactabitis
665 1337 693 1388 in
707 1335 753 1388 bae
765 1334 827 1389 urbe
841 1349 851 1388 :
866 1334 911 1388 sed
926 1334 1060 1388 trtittemini
1109 1331 1245 1399 detineret,
1258 1345 1334 1404 atquc
1346 1352 1404 1389 cum
1414 1333 1591 1389 liontanurum
1605 1351 1663 1407 reqe
1676 1343 1705 1389 ut
1719 1335 1763 1389 oili
1773 1345 1796 1389 ct
1808 1337 1908 1412 abjecto

258 1407 286 1461 in
307 1420 391 1478 partes
411 1406 499 1478 Libqte
521 1406 555 1460 ad
576 1407 660 1460 locunt
680 1405 724 1475 qai
738 1405 832 1460 dicitur
854 1403 964 1478 Ccplrro.
981 1402 1059 1459 Hunc
1109 1403 1237 1475 ntancipin
1248 1404 1403 1473 loqueretar,
1416 1415 1468 1462 etc.
1483 1404 1516 1461 Ut
1527 1403 1613 1460 Gracci
1628 1422 1694 1474 erqn
1709 1414 1762 1461 tant
1774 1406 1910 1476 Attqrtatus

258 1479 325 1533 cuins
339 1479 422 1534 lacurn
437 1480 463 1533 ἐκ
474 1487 521 1540 τῆς
534 1476 675 1538 κελεύσεις
687 1484 737 1531 τῶν
749 1477 880 1533 &decada
891 1479 971 1550 ἡμῶν,
982 1478 1059 1541 iussu
1108 1487 1157 1528 sen
1171 1474 1366 1544 imperatores,
1378 1492 1456 1547 quant
1468 1474 1589 1532 Cusares
1605 1475 1640 1532 ab
1649 1475 1775 1549 Augustis
1788 1478 1910 1537 diversos

259 1547 434 1622 depastorum
445 1559 590 1603 nostrorum
601 1548 665 1619 eleqi
675 1564 683 1611 ,·
694 1550 726 1601 ad
740 1564 819 1617 quern
830 1547 911 1617 igitur
921 1548 1058 1617 singulare
1109 1553 1246 1601 sexenttes
1262 1546 1385 1620 βασιλέας
1398 1557 1550 1603 rtrcaruut:
1567 1547 1603 1602 ita
1625 1548 1714 1605 Latini
1733 1565 1841 1620 quoque
1856 1568 1911 1609 nou

257 1620 368 1690 aliquod
382 1622 541 1690 rescriptum
555 1618 667 1674 allatum
684 1616 771 1674 iuerat
783 1619 818 1672 ab
832 1619 1056 1688 imperatoribus,
1111 1630 1175 1672 raro
1195 1627 1255 1685 post
1267 1621 1345 1689 primi
1360 1630 1389 1674 et
1402 1619 1515 1674 secundi
1530 1619 1622 1674 saeculi
1645 1621 1841 1689 imperatores,
1857 1626 1911 1679 Aa·

259 1701 287 1748 ιι
300 1693 348 1764 qui
362 1690 474 1761 preinde
487 1690 657 1762 sanguinem,
669 1705 750 1760 quem
765 1689 832 1744 ludit
844 1697 935 1759 pastea
948 1690 1058 1759 copiose
1072 1721 1097 1782 B
1110 1687 1197 1755 gustis
1207 1699 1234 1742 et
1247 1688 1456 1759 imperatoribus
1466 1705 1557 1761 aequm
1571 1705 1668 1746 nomeu
1684 1691 1835 1756 dederuut:
1846 1696 1911 1762 quin

257 1761 286 1818 in
306 1762 439 1835 AEgppto,
461 1762 562 1817 iuuisse
585 1761 681 1817 merito
706 1775 740 1817 ex
762 1760 858 1817 eudem
874 1758 1057 1830 dugttsturum
1112 1766 1140 1812 et
1154 1758 1269 1815 altarum
1293 1760 1447 1831 inspeciem
1464 1761 1549 1817 multu
1568 1764 1658 1818 nrinus
1673 1762 1780 1830 nubile,
1797 1765 1836 1820 uti
1849 1782 1911 1822 ιιιι

257 1835 384 1890 mandato
399 1835 553 1890 censendus
566 1842 617 1888 est.
635 1832 750 1901 Plusque
763 1830 831 1887 :adea
850 1832 1007 1901 sanguinis,
1023 1845 1058 1887 ne
1110 1827 1272 1886 uidebimus.

257 1920 330 1960 nunc
354 1905 405 1960 alia
428 1902 557 1971 aderam,
574 1902 733 1959 Valerianus
751 1901 866 1970 inderit,
891 1919 971 1974 quarn
988 1901 1059 1959 bad-
1148 1897 1274 1973 luitposito
1287 1902 1349 1975 pede
1369 1919 1445 1975 super
1467 1903 1573 1958 dorsum
1599 1906 1666 1971 eius.
1693 1905 1820 1974 Pbrasis,
1834 1908 1913 1978 coitis

256 1977 338 2034 welto
349 1978 445 2032 risum.
1112 1970 1185 2026 nulla
1200 1988 1272 2028 nunc
1285 1973 1350 2029 nubi
1367 1984 1513 2030 occurrunt
1527 1976 1669 2044 exempla,
1694 1977 1744 2032 nisi
1760 1979 1831 2048 apud
1849 1979 1915 2036 Vul-

296 2047 331 2104 lit
345 2058 410 2103 esset
422 2046 533 2121 posteris
546 2046 740 2112 documentum,
756 2055 809 2102 etc.
824 2044 870 2102 Sic
882 2058 964 2113 supra
975 2085 983 2112 ,
996 2060 1057 2116 cap.
1110 2052 1211 2112 gataur,
1226 2045 1281 2108 ubi,
1297 2045 1371 2100 uerbi
1382 2048 1480 2117 gratia,
1494 2045 1517 2101 ll
1529 2046 1596 2116 ling.
1611 2062 1658 2113 xrs,
1674 2048 1709 2105 50
1725 2066 1732 2104 ι
1746 2048 1778 2103 Et
1792 2048 1915 2108 diadema

257 2118 490 2176 tzbisruterat...
510 2134 702 2190 poenascorum
725 2116 815 2182 Deus,
830 2126 859 2170 ut
871 2115 954 2170 ederet
967 2117 993 2170 in
1016 2133 1060 2171 eos
1110 2114 1307 2186 itttpositumctt
1321 2133 1398 2189 super
1417 2128 1493 2200 eaput
1516 2115 1619 2184 Dauid,·
1638 2128 1665 2173 ct
1690 2119 1824 2187 nas.1u,
1852 2123 1912 2182 ill:

257 2207 352 2264 maqaa
365 2199 390 2247 et
409 2190 537 2245 mirabilia
551 2191 683 2261 exemplu,
702 2189 795 2259 quibus
814 2198 838 2243 et
859 2188 961 2260 posteri-
973 2187 1059 2242 disce·
1113 2185 1301 2252 Quaeremus
1323 2187 1423 2256 Deum,
1444 2204 1573 2261 trttpunere
1583 2192 1678 2262 jupam
1698 2207 1776 2263 super
1789 2194 1915 2252 ιιιιιιιιιι

257 2273 347 2318 rent...
364 2262 482 2317 Deum...
494 2270 599 2316 mortem
618 2262 696 2333 diqna
709 2261 806 2314 ultione
824 2257 941 2331 superbis
951 2302 959 2325 ,
971 2269 995 2314 et
1010 2261 1060 2314 im·
1111 2255 1308 2330 discipulorum.

257 2333 325 2406 piis,
345 2351 376 2389 ac
389 2333 593 2406 persecutoribus
607 2331 734 2403 irroqare.
1146 2326 1221 2383 litua
1233 2345 1288 2385 esse
1305 2346 1391 2385 amant
1412 2330 1519 2386 dicebat.
1535 2331 1601 2387 Loci
1624 2348 1732 2389 seusam
1756 2349 1811 2390 nun
1833 2350 1916 2395 asse·

295 2404 519 2460 ddunsariosllei
530 2411 669 2476 stupente.
682 2401 781 2457 Audin'
799 2409 839 2468 ut,
853 2416 886 2458 ιιι
899 2399 979 2471 hujus
992 2415 1059 2457 anc-
1110 2413 1197 2469 quor,
1215 2402 1265 2456 taisi
1280 2401 1373 2457 innuat
1388 2402 1544 2458 Lactantius
1563 2403 1627 2458 illud
1649 2418 1664 2458 a
1686 2403 1789 2475 Sapore
1810 2423 1915 2479 expro-

258 2477 326 2533 tnris
341 2476 551 2550 hypothesibus,
568 2474 672 2548 diqnam
686 2490 734 2528 suo
748 2472 843 2529 scelere
855 2471 996 2528 mercedem
1010 2471 1060 2527 bei
1111 2470 1181 2526 boati
1196 2486 1290 2527 rerum
1312 2488 1388 2540 esse,
1404 2473 1574 2530 Valerianum
1600 2475 1652 2530 sibi
1678 2491 1754 2543 esse,
1781 2479 1917 2550 mancipii

257 2548 360 2614 bostra,
375 2564 428 2604 ιιιιι
442 2563 551 2620 senoper,
565 2546 613 2602 sed
635 2561 703 2618 sape
721 2545 865 2618 recipienti
880 2543 981 2599 Firmat
995 2558 1060 2615 ergo
1110 2541 1183 2609 loca,
1199 2553 1292 2613 utpote
1305 2544 1351 2614 qui
1366 2546 1446 2601 scala
1460 2546 1501 2600 rel
1516 2545 1635 2617 stapedis
1646 2547 1731 2603 ricem
1747 2558 1913 2621 praestaret;

258 2620 346 2677 ualida
360 2619 403 2677 bie
425 2619 500 2675 lucus
520 2633 581 2687 quse
603 2632 684 2687 supra
706 2617 811 2671 anubis
832 2626 926 2672 eontra
940 2613 1059 2670 Tullium
1111 2628 1208 2669 tronea
1231 2618 1344 2684 utique,
1368 2631 1428 2682 quae
1445 2617 1558 2672 iiomani
1581 2618 1913 2692 intabellisdepingnnt,

257 2690 390 2761 disputata
405 2700 478 2746 sunt.
493 2690 682 2760 Potuissetque
695 2687 763 2744 adeo
775 2686 919 2757 Traianum
935 2695 963 2742 et
974 2688 1060 2742 Anto·
1111 2683 1163 2739 bne
1176 2695 1234 2750 est,
1248 2686 1357 2741 deuictos
1372 2685 1466 2742 Persas
1480 2688 1673 2763 triumphosque
1683 2690 1714 2745 ab
1726 2690 1779 2746 iilis
1791 2705 1916 2764 reporto·

258 2763 448 2829 ninosnoster,
459 2763 501 2817 rel
514 2759 537 2815 si
549 2760 665 2816 rrraxime
677 2758 818 2829 tranquilia
830 2766 918 2813 morte
928 2758 1057 2822 obierint,
1110 2762 1160 2810 tos.
1178 2755 1248 2813 Edit.
1262 2757 1350 2813 buu.
1367 2768 1395 2815 et
1407 2757 1486 2814 Cant.
1501 2774 1516 2813 a
1529 2763 1628 2832 quibus
1642 2760 1767 2817 diversus
1781 2778 1837 2819 urm
1851 2766 1914 2821 abit

256 2832 386 2891 Ecctatu
400 2832 619 2904 persecutoribus
642 2845 807 2896 accerrsere,
829 2830 852 2884 si
867 2844 928 2901 qua
941 2829 993 2883 sub
1006 2829 1059 2884 iliis
1110 2827 1317 2897 elegantissimae
1332 2830 1636 2887 versionisParisiensis
1649 2833 1914 2904 auctor—Valirn,

257 2906 460 2974 persecutiones
474 2903 645 2970 cirrrtipernut
656 2943 663 2968 ,
676 2902 711 2956 ab
724 2900 881 2956 eorumdem
894 2898 990 2956 edictis
1000 2914 1059 2952 rna·
1110 2895 1185 2952 lttna
1204 2916 1258 2955 esse
1273 2917 1359 2956 ιιιιιιι
1380 2904 1555 2973 spectaculum
1574 2902 1673 2957 dicebat
1682 2919 1692 2968 ,·
1709 2905 1848 2974 qtramndo
1863 2923 1916 2964 ιι·

256 2987 368 3033 nassent
382 2994 389 3031 :
404 2975 452 3032 sed
467 2973 594 3046 quoniam
608 2971 718 3028 aliunde
733 2981 800 3027 ortas
814 2984 886 3038 sunt,
902 2969 1003 3026 idcirco
1017 2969 1057 3026 iili
1110 2970 1165 3037 pite
1178 2969 1231 3024 lli:
1247 2971 1296 3026 llic
1308 2982 1345 3027 cst
1358 2988 1432 3026 octus
1449 2974 1594 3047 triumpltus
1608 2991 1684 3040 cum,
1703 2987 1756 3032 etc.
1769 2974 1861 3034 Gaea.
1876 3008 1916 3021 —

256 3060 306 3118 per
319 3058 442 3103 nostrum
458 3047 485 3101 in
499 3046 621 3100 bonoram
642 3043 788 3116 principum
802 3053 935 3098 cateruam
950 3040 1060 3095 tucrum
1111 3038 1185 3094 lttua
1197 3058 1252 3096 esse
1265 3058 1351 3097 uerum
1361 3045 1468 3099 dicebat.
1481 3043 1625 3112 Nimirum,
1639 3047 1711 3117 qttud
1720 3048 1817 3119 pedem
1827 3050 1916 3108 dnrsn

255 3119 344 3174 relati.
361 3117 500 3187 Quacum
522 3119 556 3170 ita
571 3117 641 3181 sint,
655 3114 752 3170 uellem
773 3116 804 3171 τὸ
825 3129 893 3185 sapa
913 3112 1058 3168 clarissimi
1072 3115 1095 3178 c
1111 3109 1247 3166 Valeriani
1272 3112 1459 3184 imposuisset,
1483 3125 1564 3185 atique
1586 3116 1649 3172 iliud
1664 3120 1782 3174 etiauurn
1795 3121 1917 3190 loquens

255 3188 418 3258 interpretes
433 3204 487 3244 nnn
500 3188 724 3256 suppressissent.
1111 3194 1256 3252 premeret.
1272 3183 1340 3239 Turta
1352 3186 1423 3241 eninr
1438 3187 1524 3243 series
1535 3188 1665 3243 orationis
1678 3197 1734 3257 est,
1748 3199 1773 3244 et
1785 3192 1917 3264 imposito

292 3259 345 3314 tlte
359 3270 448 3330 captus
460 3275 476 3312 ι
489 3257 586 3313 Persis.
603 3256 662 3326 Qun
674 3270 746 3311 annu
756 3253 915 3311 Valerianus
926 3269 940 3309 a
953 3254 1057 3326 Sapore
1107 3252 1172 3325 pede
1187 3270 1265 3328 super
1278 3255 1385 3311 dorsum
1398 3260 1473 3331 ejus,
1486 3258 1554 3313 iilud
1565 3275 1620 3315 esse
1631 3276 1719 3314 unum
1731 3260 1833 3317 dicabat
1834 3302 1915 3321 ......

255 3339 349 3401 captus
364 3329 462 3396 luerit,
480 3329 610 3385 lractenus
623 3330 650 3383 iu
665 3326 878 3383 corrtrorersiam
894 3337 1054 3382 vocaturn...
1107 3340 1158 3379 non
1170 3326 1239 3395 quod
1253 3327 1280 3381 in
1294 3328 1386 3384 tabulis
1410 3336 1456 3384 aut
1468 3328 1607 3402 parietibus
1634 3329 1745 3387 Rouraui
1757 3334 1917 3406 properent,-

259 3399 369 3458 Certum
378 3410 429 3462 est,
439 3400 559 3457 currenti
572 3415 644 3455 anna
654 3398 754 3454 Christi
768 3395 1009 3462 259,Valerianum
1022 3400 1056 3453 ad
1107 3404 1138 3474 ιιι
1151 3396 1185 3451 ad
1197 3412 1258 3452 eum
1271 3400 1379 3455 tandem
1391 3401 1531 3470 utriusque
1544 3403 1668 3472 corporis
1682 3406 1774 3468 situm,
1789 3421 1847 3460 unu
1865 3407 1919 3464 iic·

255 3474 379 3544 mancipii
391 3474 539 3546 fortunam,
565 3481 594 3526 ιι
614 3471 713 3527 zosimi
729 3470 818 3526 verbis
831 3477 901 3532 utar,
916 3469 1055 3525 redactum
1107 3468 1214 3536 utiam,
1235 3470 1282 3525 sed
1296 3473 1384 3541 reipsa
1403 3480 1592 3540 coristautem,
1608 3472 1725 3530 Caruilius
1738 3487 1834 3532 noster
1850 3484 1919 3548 post

254 3542 360 3610 luisse,
374 3544 501 3599 iueboato
515 3543 631 3611 septima
646 3542 752 3613 imperii
766 3553 874 3595 aurio...
889 3550 983 3595 :astate
997 3542 1053 3596 cir·
1106 3536 1237 3608 Saporem
1249 3544 1401 3612 respexerit
1412 3583 1420 3608 ,
1431 3558 1486 3612 quo
1499 3543 1617 3613 sapores
1628 3544 1766 3602 Valeriani
1783 3545 1918 3616 dorsum,

254 3616 323 3672 citer
337 3617 455 3673 ineunte.
470 3615 583 3681 Pactus,
598 3614 644 3696 qui
667 3613 777 3668 omniun
792 3609 1056 3683 ridendus-Cap·
1107 3608 1239 3667 inclinare
1251 3624 1318 3668 sect
1331 3622 1405 3684 terga
1421 3615 1543 3682 praebere
1558 3616 1643 3672 semel
1668 3617 1755 3685 jussi,
1770 3633 1822 3675 suo
1837 3620 1917 3690 pede

253 3695 353 3743 tttsest
373 3687 424 3743 sub
447 3685 528 3742 itnem
553 3701 616 3740 anm
637 3685 701 3740 ddi.
728 3684 914 3750 burmannus,
939 3682 1054 3739 Dissert.
1107 3680 1236 3737 calcabat.
1259 3683 1363 3739 lactina
1376 3695 1400 3738 te
1414 3686 1493 3750 nulii,
1508 3702 1538 3740 ac
1556 3687 1740 3759 terqaprobe,
1755 3689 1848 3745 aiebat
1861 3692 1919 3763 igi·
2022 3731 2023 3736 κ

253 3757 322 3830 cyp.
336 3760 381 3826 ii,
395 3774 471 3812 num.
486 3756 575 3813 ιιι-
585 3756 756 3821 Valerianus,
771 3754 799 3809 in
812 3754 979 3809 Cirristianus
994 3770 1057 3825 per·
1108 3753 1327 3822 turimperiosius
1336 3771 1384 3811 rex
1395 3755 1537 3812 Persarum
1550 3757 1682 3813 Romano.
1693 3759 1770 3828 Qrtod
1779 3777 1843 3816 eum
1855 3762 1922 3821 dic·
2022 3771 2023 3778 ’

254 3830 393 3884 secutione
403 3838 549 3893 commota,
561 3825 801 3897 statimaSapore,
815 3824 959 3880 Persarum
972 3841 1053 3897 rege,
1108 3832 1163 3878 tum
1185 3826 1283 3881 lactum
1298 3826 1459 3883 Valerianus
1493 3838 1633 3898 ruestaret,
1651 3830 1746 3900 pedem
1762 3831 1837 3888 illico
1864 3834 1921 3892 Su.

254 3901 370 3971 capitur.
383 3899 565 3964 limitamus,
574 3898 753 3966 inCltranicu,
765 3895 799 3951 ad
814 3911 915 3951 annum
927 3912 989 3951 serae
999 3912 1055 3953 suae
1107 3908 1188 3964 pares
1199 3897 1258 3967 ejus
1273 3898 1355 3953 dorso
1366 3843 1530 3969 impunellat,
1546 3898 1604 3954 linc
1616 3917 1703 3956 uerum
1716 3911 1763 3970 est,
1772 3905 1920 3975 inaniens,

252 3968 362 4028 Domini
377 3971 431 4026 268
445 3969 595 4026 seeundum
610 3968 738 4040 Scaligeri
754 3967 912 4025 editionem.
930 3967 984 4024 Sed
999 3984 1054 4026 nun
1107 3981 1157 4020 nott
1172 3967 1281 4038 quadiu
1302 3968 1396 4024 tabulis
1422 3981 1466 4025 aut
1489 3972 1629 4043 parietibus
1649 3972 1760 4028 Rotnani
1785 3977 1921 4048 pinquat.

252 4043 335 4099 unico
355 4058 459 4100 errore.
473 4040 541 4098 Vide
554 4055 653 4110 supra,
677 4055 751 4096 num.
768 4037 805 4106 b,
820 4046 848 4094 et
871 4037 982 4109 Pagiutu
997 4040 1055 4097 suis
1107 4037 1188 4104 Quasi
1204 4039 1318 4096 dixisset
1332 4060 1339 4097 ε
1351 4039 1418 4096 Ausi
1432 4053 1496 4096 sunt
1508 4043 1655 4113 aliquanda
1666 4044 1780 4099 liamani
1794 4051 1833 4101 tui
1849 4047 1924 4105 Per·

252 4112 330 4170 lucis.
1107 4124 1152 4163 sas
1164 4110 1216 4166 sibi
1239 4109 1291 4167 baa
1304 4122 1383 4182 pactu
1397 4112 1535 4181 subjectos
1554 4116 1711 4188 depingere.
1726 4115 1781 4173 Sed
1806 4118 1853 4173 ilia
1881 4119 1922 4177 ad

289 4185 436 4258 Siquando
450 4183 563 4241 libuerit.
581 4181 729 4254 Siquando
746 4181 863 4237 libuerat.
881 4179 970 4237 Editio
984 4182 1053 4239 Aba.
1107 4179 1211 4237 libitum
1234 4181 1324 4239 elticta
1344 4193 1441 4249 erant,
1458 4193 1487 4240 et
1510 4201 1585 4242 mere
1598 4187 1766 4256 imaginaria.
1781 4190 1818 4243 Αι
1836 4194 1923 4262 quod

251 4270 301 4313 ιιιι
315 4273 396 4321 casu,
412 4273 460 4314 seu
473 4255 599 4312 consilia.
611 4254 681 4310 lVilril
692 4254 806 4310 euimea
820 4253 854 4307 de
866 4267 897 4308 re
909 4252 1056 4310 Colutnbns
1105 4249 1161 4321 jam
1186 4254 1250 4322 tibi,
1271 4263 1344 4324 terga
1361 4255 1506 4325 praebenti,
1523 4256 1621 4327 pedem
1647 4259 1771 4330 impono,
1788 4259 1816 4314 id
1844 4276 1925 4332 pura

251 4325 279 4383 ia
293 4330 349 4385 suis
363 4328 622 4386 notis-Latinum
647 4327 748 4396 tnagis,
774 4323 879 4390 liberet,
903 4325 962 4388 rel,
983 4325 1056 4391 quod
1107 4323 1224 4390 veritas,
1242 4324 1395 4382 Valeriane.
1422 4324 1520 4398 Sieque
1544 4339 1618 4396 tata,
1645 4344 1707 4385 meo
1724 4328 1848 4399 judicio,
1864 4332 1926 4390 iru-

250 4401 363 4526 prapius
374 4399 407 4485 ad
421 4400 520 4458 ueteris
535 4398 596 4523 ιΙιιιι
607 4398 781 4520 scripturam,
794 4395 914 4523 lignerus.
926 4394 1054 4523 mllfs'
1105 4394 1151 4520 {us
1172 4393 1224 4451 loci
1237 4395 1383 4481 difficultas
1406 4396 1470 4525 gipso
1491 4408 1565 4482 prta,
1578 4397 1656 4526 ¹quad
1672 4411 1765 4484 aueuor
1787 4416 1845 4458 nnn
1872 4406 1926 4462 in·

252 4498 290 4512 .-
637 4489 650 4518 ιι
789 4510 795 4524 ,
836 4489 840 4499 ’
1471 4490 1476 4516 ι

250 4476 1927 4618 ...assidentestt.tl³.tu.slf...”⁶t.itni1>,illinitlistis..disill.ia.l¹¹id.lati.⁰i¹ts

250 4612 351 4677 etiam,
366 4612 516 4681 pleniorem
530 4611 600 4664 iorte
615 4612 699 4663 nostri
715 4625 823 4665 manum
838 4611 933 4675 iutsse,
951 4625 1016 4672 nou,
1030 4612 1054 4667 si
1108 4610 1205 4680 quibus
1221 4625 1285 4665 usus
1296 4611 1333 4668 sit
1344 4628 1393 4684 pto
1406 4614 1472 4667 suis.

250 4683 353 4752 qurundo
366 4682 474 4737 libuerat
495 4691 540 4736 aut
554 4679 698 4735 orbiculum
712 4682 849 4737 ascendere
860 4722 867 4746 ,
880 4690 925 4735 aut
938 4696 1052 4751 equium,
1144 4680 1311 4754 Exprobrant
1324 4686 1346 4738 ei
1361 4699 1419 4738 cum
1432 4684 1496 4739 risu.
1511 4683 1635 4753 linitum,
1656 4685 1682 4741 ni
1696 4685 1783 4753 ialior,
1797 4687 1874 4745 lucis
1890 4699 1926 4746 et

250 4768 312 4809 cum
328 4755 452 4825 patruino,
466 4764 530 4823 ant,
544 4751 593 4809 sed
607 4767 668 4807 euru
685 4754 775 4819 unico,
791 4753 813 4808 si
827 4753 930 4824 quando
943 4753 1054 4809 libuerat
1107 4751 1249 4824 elegantia
1271 4755 1360 4811 aderri
1388 4756 1473 4825 possit
1494 4756 1537 4812 iris
1550 4757 1658 4823 uerbis,
1673 4756 1696 4812 si
1708 4771 1769 4813 euru
1783 4761 1926 4829 proxime

249 4826 410 4891 aediculam,
424 4838 477 4882 ιιι.
1107 4823 1324 4893 praecedentibus
1336 4840 1368 4881 aa
1381 4829 1559 4897 sequentibus
1573 4837 1769 4884 connectantur
1790 4832 1817 4884 in
1833 4832 1923 4889 tinne

291 4896 441 4954 Velricnlam
454 4895 609 4962 ascendere,
624 4903 669 4950 aut
682 4911 782 4962 equum.
796 4893 836 4951 lta
850 4894 1051 4967 sinepraeposi·
1107 4895 1237 4952 mudum:
1254 4894 1326 4952 illud
1338 4913 1425 4951 oerum
1438 4913 1493 4953 esse
1508 4899 1607 4955 dicebat
1620 4900 1793 4970 exprobrans,
1809 4910 1835 4955 ct
1850 4919 1926 4959 cuna
2022 4905 2023 4910 ’

249 4969 323 5025 tione
337 4969 497 5034 Terentius,
512 4969 649 5023 ascendere
668 4981 776 5032 naucum
796 4966 899 5034 auur,
912 4967 1050 5023 ascendere
1106 4968 1172 5034 risu,
1187 4984 1238 5022 nan
1251 4968 1321 5040 quod
1344 4969 1371 5023 in
1393 4969 1506 5036 tabulis,
1526 4980 1580 5026 ete.
1603 4968 1696 5039 Neque
1714 4974 1783 5028 aden
1809 4971 1927 5031 dubita
2022 4959 2023 5036 l

246 5043 357 5114 jupam·
371 5050 400 5097 et
414 5041 453 5096 uti
467 5040 511 5096 bic
523 5040 640 5110 denique
654 5036 748 5093 Liuius
769 5053 802 5094 ac
822 5039 989 5107 Suetonius,
1004 5056 1049 5095 as·
1104 5038 1167 5108 quin
1180 5039 1313 5106 ipsissima
1326 5040 1358 5094 sit
1375 5042 1492 5095 auctoris
1507 5056 1603 5096 ιιιιιιιι
1619 5057 1627 5096 s
1643 5049 1673 5095 ut
1686 5041 1767 5108 band,
1780 5043 1921 5111 inquam,

248 5114 356 5167 uendere
370 5129 462 5183 ιιιιιιι
476 5128 486 5167 .·
498 5115 623 5182 quaturis
636 5109 790 5183 prepositio
805 5109 832 5166 in
854 5110 951 5168 talibus
973 5110 1050 5165 adbi·
1103 5109 1242 5179 scripserit
1267 5109 1392 5181 Saporem
1410 5109 1547 5167 Valeriano
1566 5112 1734 5186 exprobrasse
1754 5130 1813 5168 cam
1825 5116 1923 5185 risu3

247 5181 306 5239 beri
321 5184 423 5251 sulem,
437 5193 465 5240 ιι
485 5182 577 5240 Liuias
592 5185 651 5255 ipse
665 5181 728 5237 alibi
749 5182 887 5238 ascendere
905 5185 934 5238 in
958 5199 1050 5254 equum
1103 5195 1165 5234 narn
1180 5183 1230 5235 ista
1243 5195 1309 5237 curte
1323 5182 1423 5237 incutio
1436 5183 1562 5249 obscura,
1576 5198 1604 5239 et
1618 5184 1834 5248 minucianus:
1859 5189 1922 5244 sed

247 5253 355 5314 dixerit.
1103 5251 1130 5305 id
1144 5251 1214 5324 qaod
1233 5250 1368 5308 Valeriano
1389 5255 1427 5309 Sa
1446 5269 1503 5308 ores
1515 5254 1633 5323 dicebat,
1657 5254 1754 5311 dictum
1768 5255 1808 5311 illi
1819 5256 1925 5326 [aisse
2022 5301 2023 5348 3

283 5326 414 5382 inclinare
426 5325 492 5392 ribi,
513 5333 566 5382 etc.
580 5324 666 5391 Quam
678 5324 870 5380 contumeliam
884 5323 956 5381 ultro
968 5323 1050 5380 dissi·
1103 5324 1294 5396 exprobrando,
1307 5334 1331 5379 at
1341 5324 1413 5379 siden
1434 5340 1449 5378 o
1464 5326 1552 5381 simui.

247 5400 332 5453 mulat
342 5397 424 5454 Treb.
435 5397 532 5464 Pollio,
545 5397 589 5457 uui
600 5396 679 5451 aliam
691 5412 744 5450 uon
758 5403 891 5451 memorat
904 5403 1045 5451 corutume·
1139 5392 1297 5468 Diquissime
1310 5395 1492 5469 triumphatus.
1510 5397 1567 5453 lirrc
1581 5405 1641 5465 est,
1662 5409 1692 5454 ut
1703 5398 1817 5455 meritus
1832 5413 1923 5460 erat.

247 5467 330 5538 liam,
348 5468 399 5525 uisi
413 5467 484 5539 quud
503 5468 622 5537 sapores
639 5481 700 5521 curn
723 5465 907 5521 Buritanorum
930 5480 993 5537 rege
1016 5474 1046 5522 ut
1097 5463 1143 5521 Sic
1162 5467 1233 5522 enirn
1247 5466 1342 5538 diqnus
1356 5476 1385 5523 et
1398 5469 1474 5540 dique
1489 5469 1636 5524 ueteribus.
1657 5468 1756 5526 Noster
1769 5468 1866 5539 capite
1885 5488 1921 5530 r:
2022 5463 2023 5530 Ῐ

245 5540 293 5596 rili
308 5553 336 5597 et
347 5540 455 5611 abjecto
470 5538 603 5606 mancipio
617 5538 783 5607 loqueretur.
796 5536 873 5606 quasi
884 5537 953 5591 intra
963 5540 1044 5593 rerba
1098 5536 1183 5593 deum
1191 5548 1298 5593 mertem
1309 5539 1388 5607 dipna
1398 5539 1494 5594 uitione
1506 5539 1711 5613 pecccatoribus
1721 5542 1867 5614 irraqore,·
1889 5555 1923 5602 aa
2022 5561 2023 5566 ¹

245 5611 333 5667 solutu
346 5611 467 5667 stetisset
478 5609 530 5665 boc
543 5607 670 5665 dedecus.
691 5608 762 5663 Edit.
776 5607 864 5663 Οιοιι.
877 5606 993 5665 etCaut.
1008 5637 1045 5650 -
1098 5607 1151 5666 boc
1161 5611 1220 5680 ipso
1247 5610 1407 5666 aduersarios
1422 5609 1471 5666 Dei
1485 5627 1553 5683 sape
1574 5612 1679 5682 diqnam
1690 5613 1788 5669 scelere
1799 5629 1852 5668 sun
1870 5631 1923 5671 re-
2022 5651 2023 5660 ι

246 5679 377 5739 inclinare
392 5680 474 5737 sibi...
487 5679 647 5749 Eutropius,
663 5679 689 5733 in
705 5678 765 5733 Vita
777 5679 865 5735 Pontii
877 5681 1045 5750 rnanuscrip-
1098 5681 1182 5753 cipere
1195 5681 1348 5738 mercedem.
1364 5680 1449 5748 Alias,
1465 5682 1643 5754 indiquissirne
1658 5681 1730 5740 iuret
1745 5684 1918 5757 teqerrdum.

247 5757 292 5825 ta,
317 5768 350 5811 es
365 5751 527 5812 bibliotheca
541 5749 690 5811 doctissimi
702 5750 734 5809 Ρ.
743 5749 855 5810 Puteum
867 5768 874 5807 a
893 5749 1046 5810 Valerianus
1099 5749 1285 5826 Triumplratus
1299 5761 1402 5826 ιιιιιιι,
1413 5761 1523 5828 propter
1535 5755 1688 5829 sequentia,
1702 5753 1738 5814 ad
1751 5759 1923 5822 nemerim
