4142 6184
146 279 188 334 eet
517 276 621 339 bote
641 282 675 340 lu
694 282 758 342 lle.
781 284 824 342 DE
843 283 1019 345 uuurtuus
1038 283 1229 343 PSRSEGUT.
1249 283 1326 342 cur.
1345 284 1378 342 ll.
1730 294 1786 357 dii

143 397 261 455 ianuario
275 396 373 456 ibidem
386 395 547 454 Catbcdram
559 399 609 455 sibi
620 408 647 454 et
657 401 859 459 successoribus
872 404 928 461 sois
941 402 969 463 A
982 409 1017 465 ta,
1035 415 1116 472 qnam
1129 401 1162 455 ad
1179 401 1260 457 modo
1270 400 1381 457 recitata
1405 415 1467 473 quae
1480 401 1612 460 mendacii
1628 408 1785 477 suspicione

143 469 322 530 constituisse:
342 490 352 521 r
370 469 504 539 duplicato
521 471 634 539 [anaiade
656 473 691 527 ibi
707 474 757 527 loci
770 488 784 526 a
799 473 935 545 Papebro-
987 489 1040 528 rrae
1055 483 1158 529 carent.
1175 473 1236 529 Sine
1249 473 1376 544 denique,
1391 475 1462 544 qutrd
1483 474 1533 531 etsi
1550 476 1644 532 Patres
1658 480 1724 538 solis
1737 500 1784 540 re·

142 543 177 597 cio
189 541 262 597 Petri
278 543 304 596 iu
320 541 419 598 Urbem
435 541 572 609 aduentu,
595 544 822 612 quemadmodum
849 551 933 607 rueris
987 544 1090 600 riorttm
1105 545 1294 600 miraculorum
1312 547 1509 602 truncationibus
1531 547 1611 603 iidem
1626 550 1726 608 babere
1740 554 1784 612 de·

141 614 267 683 cst,qnin
281 624 308 669 et
322 623 435 684 utroque
449 614 482 668 atl
498 621 619 683 tempora
633 614 735 670 Claudii
751 617 852 682 relatn;
869 619 933 691 imo,
986 615 1103 681 buerint,
1116 616 1216 685 saepius
1231 624 1319 672 tamen
1333 632 1411 687 qnam
1428 633 1475 688 par
1486 617 1544 684 luit,
1556 622 1639 675 etiarn
1653 623 1783 684 fabulosis

141 687 224 758 priore
240 685 372 756 usquead
390 700 490 740 anuum
513 685 584 740 illius
603 687 769 754 secuudum,
786 690 935 758 posteriorc
985 687 1267 754 accommodaverim,
1291 689 1329 743 nti
1344 688 1437 744 eadent
1451 690 1573 763 eserrrpla
1587 692 1647 764 plus
1659 696 1784 756 sericos.

140 768 223 812 nartem
254 772 309 812 uon
337 755 449 812 inlerius
478 772 556 825 qttatu
585 756 617 810 atl
646 758 789 813 decimum.
819 758 933 819 Ubinam
986 760 1111 814 tendunt.

141 844 198 900 ergo
212 827 373 898 Papabroeii
397 842 547 884 corrsensus
568 843 629 883 cunr
656 838 748 886 nostro
763 831 814 886 scri
838 842 933 892 tereet
1010 829 1109 885 Verum
1119 830 1266 896 tuluu‘ero,
1283 845 1458 901 quecumque
1467 831 1575 888 demum
1584 834 1782 898 nairaeulanos-

140 899 216 972 Pogin
231 899 396 972 ponentibus
414 900 524 955 Petrum
553 899 666 954 Ruinam
689 902 795 957 notrnisi
818 846 934 964 floronis
985 908 1026 957 ter
1037 902 1127 958 dicere
1140 902 1264 966 voluterit,
1281 901 1374 958 Patres
1389 904 1646 972 cortedumdebr'a,
1661 914 1783 981 sanquis

139 972 289 1043 principatu
299 973 406 1028 uenisse
419 971 431 1023 l
445 971 497 1026 Sed
520 971 546 1026 in
557 987 590 1026 eo
604 970 693 1026 lersan
707 988 740 1028 ex
756 984 847 1029 ruente
860 975 932 1050 Pagii
985 972 1062 1028 nralit
1081 983 1169 1043 aparte
1182 974 1310 1044 sedeloco,
1326 989 1374 1045 pro
1389 976 1461 1030 reris
1476 979 1534 1031 sine
1558 979 1628 1032 stralo
1641 979 1703 1036 dolo
1723 998 1783 1038 onr-

139 1041 244 1113 aprrosci
254 1042 351 1107 debet,
366 1043 436 1113 qnod
449 1041 577 1113 qandqnid
592 1041 932 1116 Papebroeiusdegemiua
984 1044 1181 1115 plectebantur,
1203 1045 1297 1100 eadem
1313 1061 1430 1118 quoque,
1447 1047 1518 1119 qued
1535 1051 1636 1116 dccttit,
1653 1052 1782 1111 divinitus

138 1114 205 1170 Petri
228 1114 280 1170 sub
305 1111 418 1169 Claudio
431 1113 458 1167 iu
485 1111 583 1169 Urbem
600 1114 766 1184 proiectione
787 1121 931 1186 statrrcrit,
984 1115 1057 1172 edita
1072 1116 1229 1173 credebant.
1246 1116 1300 1172 b'ee
1319 1117 1397 1172 aliter
1419 1119 1453 1174 de
1468 1135 1532 1174 raro
1544 1122 1673 1178 miraculo
1688 1124 1783 1184 Petrus

138 1201 186 1241 non
199 1185 261 1248 ideo
277 1185 386 1246 Petrrnn
405 1185 498 1240 erroro
512 1184 548 1239 25
562 1186 641 1240 antris
662 1188 814 1255 pontiliccm
829 1190 933 1247 sedisse
984 1186 1010 1240 in
1025 1187 1111 1255 Actis,
1127 1188 1154 1242 id
1176 1195 1218 1243 est
1243 1198 1304 1258 prist
1316 1189 1450 1244 celebrere
1465 1190 1536 1244 illane
1550 1195 1677 1276 pauperis
1691 1197 1784 1268 cujus·

138 1271 193 1312 rum
209 1258 292 1328 vulgo
312 1257 468 1330 agnorerit,
495 1257 543 1311 sed
564 1257 708 1326 qaindecim
727 1267 843 1326 laertem,
868 1262 932 1317 iate·
984 1257 1046 1314 dam
1061 1259 1095 1312 ab
1110 1268 1186 1314 utero
1199 1258 1286 1314 claudi
1300 1261 1485 1320 sartationum:
1504 1261 1556 1317 Virt
1570 1261 1706 1332 israelita,
1722 1269 1784 1339 qsrid

137 1345 257 1453 peneque
272 1327 360 1392 adue,
377 1332 476 1398 etipse
491 1328 597 1384 locutios
622 1337 681 1392 est,
698 1329 848 1385 decretorium
858 1348 933 1389 eser·
986 1329 1117 1384 miramini
1127 1330 1159 1385 de
1173 1332 1221 1384 lette
1231 1331 1276 1385 re?
1286 1340 1329 1384 aet
1342 1332 1404 1404 qaid
1416 1332 1526 1389 irrtrutas
1537 1336 1624 1389 arelas
1639 1338 1664 1391 ie
1680 1354 1725 1392 eoa
1735 1340 1784 1395 ltu-

152 1403 223 1456 itanu
239 1415 347 1462 transtro
358 1400 446 1472 eipiati
459 1399 569 1471 qeirrqee
579 1415 705 1454 errnoreut
717 1403 881 1459 subtraxerit.
897 1408 932 1461 ut
983 1399 1056 1464 betis,
1070 1402 1144 1471 quasi
1160 1403 1266 1471 propria
1279 1404 1393 1472 peteuda
1408 1405 1447 1458 erl
1457 1405 1551 1474 pietate
1565 1405 1740 1478 effeceritnes,
1755 1421 1784 1469 et

137 1471 202 1528 siita
217 1481 282 1540 est,
310 1472 416 1534 locutus
438 1487 503 1542 ergo
529 1469 623 1526 luisset
648 1471 726 1542 pratrlo
748 1474 828 1529 aliter
850 1490 930 1544 quam
984 1471 1025 1524 etr
1040 1472 1149 1526 arrebalet
1161 1471 1174 1526 i
1188 1471 1242 1527 Per
1257 1474 1333 1543 tidem
1348 1476 1374 1528 in
1388 1491 1479 1530 earrree
1492 1475 1622 1547 Principis
1644 1480 1702 1534 aitte
1715 1482 1784 1539 lrene

138 1542 196 1600 lecit
217 1544 385 1602 clarissimus
408 1542 513 1612 Papius.
541 1541 637 1597 Natam
654 1559 735 1613 perrro
762 1544 863 1600 Baluzii
876 1588 883 1608 ,
897 1547 931 1602 od
983 1558 1057 1612 quent
1068 1543 1214 1613 corispititt's
1224 1560 1254 1598 uc
1267 1546 1345 1600 nostis
1366 1547 1526 1614 corrfirrnarit
1540 1566 1631 1604 nomen
1642 1551 1734 1622 ipsitrs.
1748 1554 1783 1610 Et

137 1631 212 1686 qnam
225 1615 403 1690 respiciebat,
430 1623 504 1670 estat
532 1622 632 1669 nostrae
655 1613 783 1670 editionis
798 1617 851 1671 col.
865 1618 929 1686 505,
983 1615 1095 1670 Orosius
1109 1614 1233 1671 similiter
1247 1614 1280 1670 de
1294 1629 1453 1672 cnrrctorum
1467 1620 1652 1689 apiostolorum
1667 1625 1781 1681 miracu-

137 1687 167 1746 ad
180 1689 238 1742 liae
257 1687 356 1744 rerba:
372 1702 417 1758 per
431 1682 568 1740 artemii.
586 1685 619 1740 Ει
637 1686 672 1741 ab
697 1687 835 1753 eamdem,
852 1687 931 1760 lenge
983 1684 1016 1740 ils
1032 1703 1039 1738 :
1054 1684 1192 1741 Pilatus...
1207 1686 1241 1741 ed
1259 1686 1389 1742 Tiberium
1410 1690 1587 1760 imperatorem
1605 1702 1681 1762 atque
1694 1695 1728 1748 ed
1740 1713 1783 1753 se·

138 1759 315 1829 antebagtum
326 1756 660 1816 editionesOrteniensiset
674 1756 905 1831 Crirrtnbripieusis
919 1779 926 1816 ι
982 1767 1071 1812 autern
1083 1758 1169 1812 renate
1183 1758 1377 1829 denominaret
1390 1763 1573 1816 rerurrectione
1587 1762 1696 1834 Cluise',
1717 1783 1782 1823 ron-

142 1847 150 1881 t
167 1829 205 1884 Ex
216 1830 267 1886 lure
293 1830 354 1886 loeo
380 1844 428 1890 eos
453 1828 589 1898 redarguit
604 1826 746 1894 Balomos,
763 1832 807 1901 qui
834 1831 927 1902 uiginti
943 1807 966 1867 B
980 1829 1190 1903 sequentibusque
1203 1831 1348 1898 et'rtetiber,
1362 1847 1419 1902 quta
1431 1833 1470 1887 eel
1479 1835 1618 1905 peripsam
1636 1839 1712 1906 secte
1724 1841 1782 1908 fee-

139 1903 248 1974 qninque
262 1916 349 1956 arentes
361 1901 438 1956 l‘etro
460 1900 600 1972 assignant
618 1901 716 1971 quibes
731 1902 861 1957 Ecclesiae
873 1903 928 1957 llo-
979 1910 1055 1967 raet,
1079 1902 1117 1956 rel
1132 1918 1177 1971 per
1191 1901 1331 1972 discipulos
1346 1902 1426 1973 ipsias
1439 1904 1466 1958 in
1480 1908 1583 1959 norrrr'ne
1602 1907 1656 1976 ejrts
1676 1910 1780 1977 fiebant.

139 1989 218 2030 mere
229 1973 396 2043 presideret,
411 1981 438 2026 et
450 1987 510 2027 eum
525 1986 638 2028 excussa
650 1971 700 2027 sibi
712 1972 828 2029 viderint
838 1976 929 2030 omrria
980 1968 1223 2043 imprecareris
1233 1973 1743 2049 erunibustestimoniisprolatioiulii,
1753 1988 1783 2039 ut

140 2041 192 2100 lere
214 2043 379 2115 subterlugia
390 2085 398 2110 ,
410 2059 444 2098 ce
459 2042 561 2099 redacti
576 2053 637 2099 sunt
662 2051 690 2097 nt
707 2042 842 2114 duplicem
857 2044 929 2102 Petri
979 2042 1065 2109 aiunt,
1078 2041 1198 2099 utricaot
1209 2043 1235 2099 in
1252 2044 1399 2100 distortam
1413 2045 1507 2102 Abdita
1522 2047 1718 2117 apostolicam:
1735 2050 1783 2109 l'e-

139 2116 328 2184 pralectioncm
359 2115 385 2171 in
421 2115 532 2169 llomarn
562 2113 811 2186 comminiscantur,
847 2133 928 2174 unam
979 2118 1716 2192 ruretetremmepneepostoliostendissentprodipiaia
1731 2141 1780 2194 po·

139 2185 236 2242 Claudii
262 2187 446 2253 temporibus,
472 2186 624 2257 principatu
656 2184 772 2242 Neronis
795 2189 927 2257 alteram,
978 2185 1059 2256 pelis,
1073 2203 1108 2242 ee
1122 2187 1232 2252 erinore,
1246 2203 1297 2242 een
1308 2188 1363 2243 lor
1377 2189 1513 2261 [canditati
1526 2191 1647 2247 lteareree
1661 2203 1721 2249 rent
1731 2198 1781 2250 ed-

139 2270 226 2314 ceutra
251 2259 372 2314 οιιιιιίιιιιι
397 2257 498 2326 iidem,
526 2258 572 2329 qui
590 2257 625 2314 de
650 2272 682 2316 ea
709 2258 808 2332 aliquid
831 2259 929 2318 litteris
979 2256 1127 2325 scribenda,
1150 2258 1194 2315 scd
1209 2275 1225 2312 e
1239 2258 1311 2314 eolis
1325 2260 1628 2331 fidelitereoetitcedarn,
1643 2266 1780 2347 qeiaope·

140 2330 303 2388 mandarunt.
322 2348 333 2381 r
979 2338 1094 2386 reterre
1107 2347 1172 2386 enus
1186 2339 1261 2401 atqee
1273 2331 1341 2386 ideet
1354 2330 1480 2388 [iambres
1494 2332 1572 2390 ieret
1591 2333 1724 2406 Clastttr,
1738 2337 1783 2410 qui

174 2402 316 2458 videantur
330 2417 419 2469 nutrc,
441 2399 541 2472 siquid
567 2409 672 2469 resim,
696 2399 818 2474 Caperes
833 2411 860 2457 et
873 2400 928 2457 Co·
979 2399 1006 2454 ia
1024 2402 1059 2457 eir
1078 2417 1124 2473 per
1140 2403 1232 2457 lenam
1253 2403 1409 2458 celeritatem
1428 2413 1452 2459 et
1470 2421 1559 2462 sereres
1581 2408 1719 2478 paritatem
1733 2410 1782 2466 lte·

142 2471 240 2532 lumbus
253 2476 309 2530 suis
324 2474 410 2532 locis:
426 2473 473 2528 sed
486 2472 607 2528 omnium
626 2473 759 2544 inarime,
780 2474 887 2542 quarrdo
901 2474 928 2531 in
981 2471 1053 2528 bitot.

142 2546 178 2600 rei
191 2547 325 2603 ueritatem
340 2546 458 2617 penitius
484 2544 621 2615 inquirere
649 2545 758 2613 libebit,
779 2545 858 2601 docta
873 2562 930 2601 me-
1016 2540 1145 2600 Coneertit
1156 2544 1249 2599 multos
1260 2546 1294 2599 ed
1302 2546 1440 2618 justitiam.
1455 2545 1571 2603 Locutio
1583 2548 1736 2621 desumpta,
1752 2553 1781 2609 ni

142 2616 281 2672 berseleel
295 2617 429 2673 laboriosa
449 2613 592 2672 clarissimi
606 2615 711 2672 Frider.
726 2616 882 2686 Spanbernii
895 2617 929 2674 de
980 2613 1077 2684 fallor,
1092 2630 1124 2671 ex
1141 2616 1192 2672 ista
1207 2615 1339 2673 Gabrielis
1367 2618 1401 2673 ad
1425 2617 1582 2673 Zachariam
1606 2621 1640 2676 de
1655 2620 1781 2682 iobaune

143 2697 236 2744 temere
249 2688 351 2746 credita
367 2687 438 2742 Petri
466 2687 493 2744 in
515 2688 609 2744 urbem
625 2686 740 2742 Romam
762 2688 930 2757 prtrlecliane
979 2685 1116 2756 baptista,
1139 2697 1167 2741 et
1186 2698 1349 2743 sonuertnt...
1372 2689 1534 2758 incredulos,
1551 2690 1604 2757 vel,
1617 2701 1648 2747 ut
1661 2693 1709 2749 alil
1723 2711 1780 2752 ma-

142 2758 305 2826 dissertatio,
320 2775 371 2816 nec
385 2774 440 2816 uon
465 2758 579 2816 illustris
603 2758 728 2815 salmasii
753 2769 882 2816 tractatus
895 2759 930 2818 do
980 2758 1047 2826 lunt,
1064 2757 1170 2814 rebelles
1184 2758 1218 2811 ad
1233 2760 1393 2831 prudentiam
1403 2764 1543 2831 pastorem.
1565 2762 1642 2819 Unde
1656 2774 1685 2820 et
1697 2777 1780 2824 erunt

980 2827 1105 2885 fortassis
1122 2829 1171 2956 pul
1187 2830 1274 2900 priano
1295 2832 1390 2888 intuitu
1403 2841 1531 2889 cerrseanl
1538 2833 1669 2904 justitiam
1682 2837 1720 2892 nil
1734 2838 1780 2896 lrie

142 2828 251 2888 Primulo
265 2831 350 2890 Petri.

176 2900 262 2960 Petrus
280 2902 390 2960 florerent
411 2902 522 2958 edocuit.
539 2901 606 2958 llide
620 2901 654 2959 de
678 2916 712 2959 eo
725 2902 796 2959 Petri
811 2901 929 2960 aduentu
980 2915 1043 2957 esse
1067 2901 1120 2957 alin
1165 2916 1244 2971 qnam
1268 2917 1328 2959 eam
1349 2903 1435 2975 ipsam
1458 2907 1779 2978 justornmpredeetiam.

140 2970 295 3046 Scaligerum
319 2975 353 3030 ad
382 2973 485 3032 Noram
510 2974 722 3030 Testamentum.
751 2974 929 3032 loeutus-
980 2971 1033 3028 Sed
1050 2972 1348 3043 meliusproculdnbio
1369 2976 1433 3047 quid
1457 2992 1528 3032 renue
1546 2978 1779 3050 justitioenominu

142 3043 260 3116 Scaligeri
275 3047 350 3104 locus
361 3055 403 3103 est
415 3046 447 3102 ad
467 3046 546 3101 istum
560 3045 622 3101 iob.
636 3062 699 3101 xrrrr
711 3089 719 3114 ,
733 3047 786 3102 bi:
802 3046 871 3121 ἰιμῐι
883 3050 929 3103 οὐκ
980 3044 1132 3115 intelligere
1151 3053 1284 3114 oporteat,
1298 3046 1378 3102 docet
1399 3062 1432 3103 es
1451 3046 1591 3106 Lactantio
1608 3061 1636 3106 et
1657 3050 1779 3125 Sulpicio

141 3111 235 3182 ἔξεστιν
247 3121 393 3175 ἀποκτείνω
419 3117 513 3176 οὐδένα.
541 3116 590 3173 Ubi
614 3119 712 3174 anirum
738 3131 838 3189 quauta
871 3135 927 3176 nou
982 3114 1311 3184 Severobaiuzius.,cel.
1328 3118 1390 3176 505.

141 3187 223 3246 dicam
247 3191 425 3257 considentis,
449 3189 497 3246 scd
522 3191 649 3266 εὐστοχίᾳ
670 3199 698 3246 et
719 3193 864 3260 sagacitate
888 3192 964 3259 rinc
1017 3185 1122 3258 Deoque
1135 3187 1351 3258 terenterefidelc,
1366 3189 1488 3246 etc.lloe
1505 3191 1776 3254 estClrristiauerum

141 3272 271 3328 seruatus,
286 3261 329 3318 cui
342 3276 479 3332 nunqnam
506 3270 598 3315 noster
619 3266 789 3327 innotuerat,
802 3260 829 3318 id
841 3263 928 3332 ipsum
981 3273 1090 3327 corpus.
1102 3258 1192 3314 Editio
1208 3259 1294 3316 Oeen.
1308 3270 1333 3315 et
1346 3260 1422 3316 Cant.
1439 3262 1555 3333 Optime.

139 3329 195 3386 lere
208 3334 311 3388 totidem
325 3334 416 3389 uerbis
429 3373 436 3398 ,
450 3333 520 3403 quod
537 3341 628 3388 noster
641 3331 704 3387 elim
719 3332 839 3390 dicturus
852 3342 928 3402 erat,
1017 3329 1074 3397 ere
1088 3347 1116 3386 re
1126 3330 1161 3385 ad
1177 3329 1307 3388 Neronem
1320 3331 1416 3390 delete
1432 3333 1469 3389 lta
1486 3335 1529 3391 bia
1541 3338 1598 3408 snit
1609 3337 1778 3408 Lactantius,

140 3405 305 3474 occupaverit
318 3404 368 3462 sub
384 3404 463 3462 baeer
486 3405 511 3459 io
528 3402 600 3462 lione
614 3403 722 3462 morium
738 3422 745 3457 ι
760 3404 782 3456 Α
796 3402 888 3461 Cleristi
901 3404 929 3458 in
980 3410 1009 3458 ut
1024 3404 1121 3458 bonam
1137 3403 1162 3458 in
1187 3417 1220 3457 ea
1244 3402 1325 3458 fidem
1340 3405 1503 3462 desiderem.
1519 3407 1611 3481 Longe
1633 3412 1705 3468 cairo
1725 3413 1780 3470 alia

140 3475 225 3528 colem
238 3487 341 3546 recepte
353 3476 388 3530 ad
401 3486 519 3546 qeartren
530 3492 627 3532 erutam
648 3474 759 3530 Neoris
780 3486 848 3530 certo
872 3492 928 3530 cer·
979 3473 1049 3529 ratio
1060 3473 1110 3529 luit
1130 3488 1209 3546 qrram
1228 3489 1289 3545 quae
1299 3477 1343 3532 lric
1355 3475 1478 3532 aliertnr.
1493 3477 1573 3533 Sacra
1589 3496 1704 3551 reamque
1735 3499 1779 3539 er⁴

140 3544 190 3599 tias
201 3556 234 3602 est
249 3547 353 3602 l'etretrt
370 3546 478 3603 florerent
489 3564 540 3601 non
553 3548 658 3602 uertisse.
980 3546 1083 3600 secutio
1101 3556 1129 3600 ιιι
1147 3546 1265 3600 inscensu}
1279 3547 1352 3602 urbis
1366 3546 1465 3604 ittridla
1481 3549 1507 3604 iu
1523 3550 1692 3607 Christianus
1723 3554 1779 3608 cri·

176 3617 287 3676 creone
300 3619 453 3690 pdbosdem
463 3620 593 3674 rrriraeulis
605 3635 656 3692 qna
668 3619 760 3673 eirtete
773 3616 856 3690 ipsius
867 3615 927 3686 Dei,
981 3625 1097 3672 raretur.
1108 3616 1160 3672 Sed
1176 3631 1226 3672 uec
1240 3627 1359 3688 ternptrra
1371 3627 1539 3690 congruunt:
1555 3622 1620 3692 irnu,
1640 3633 1669 3677 ut
1684 3623 1778 3693 paucis

141 3685 200 3748 data
212 3690 257 3747 sibi
276 3692 308 3746 ab
327 3707 356 3748 eo
371 3700 493 3764 potestate
512 3690 631 3762 sociabat.
648 3690 745 3746 Melias
757 3699 819 3746 aute
834 3692 925 3745 emula
980 3687 1078 3757 dicam,
1094 3687 1235 3742 manifeste
1256 3689 1313 3742 lroe
1326 3688 1393 3744 lalsa
1414 3701 1486 3745 snat.
1502 3689 1629 3748 Tanarus.
1643 3723 1681 3734 -
1693 3693 1779 3751 Recte

140 3772 200 3818 curn
213 3762 328 3824 ιιιιιιιιιεί
341 3764 459 3818 editione
473 3761 642 3827 distinxeris,
654 3771 677 3815 et
692 3762 766 3818 editis
776 3761 929 3829 qmbusdam
980 3772 1055 3825 sarie,
1073 3759 1169 3829 qulbus
1189 3759 1328 3817 Cornelius
1342 3761 1450 3816 Tacitus
1464 3771 1491 3817 et
1510 3761 1643 3833 Sulpicius
1658 3766 1777 3822 Seuerus

141 3832 264 3888 neema
281 3851 337 3906 qesta
352 3836 442 3889 uirtute
454 3834 533 3906 ipsius
556 3833 620 3897 liei,
637 3833 697 3890 dee
710 3833 758 3888 sibi
783 3833 813 3888 ab
828 3849 856 3887 eo
879 3850 928 3905 po·
980 3829 1043 3885 lecti
1059 3831 1168 3897 luerint,
1184 3830 1288 3902 nisique
1308 3833 1407 3903 tiranni,
1430 3841 1477 3888 aut
1501 3834 1551 3888 seli
1572 3845 1719 3903 auctores,
1743 3837 1779 3894 ad

141 3905 398 3978 emorerentur...
415 3905 480 3974 Quas
494 3905 537 3960 liic
552 3916 640 3960 autem
665 3905 784 3960 seeundo
809 3904 869 3960 loco
882 3908 929 3960 de·
980 3917 1048 4028 flues
1064 3902 1141 3957 liceat
1152 3903 1301 3959 attendere·
1315 3903 1422 3959 Tacitus
1436 3904 1508 3960 enim
1526 3904 1561 3961 de
1572 3906 1665 3962 lloraas
1683 3909 1778 3964 incen-

142 3972 218 4031 beant
229 3977 355 4040 normula
372 3979 504 4048 intelligi,
520 3978 634 4049 ingenue
658 3976 763 4042 dicem,
789 3991 843 4032 uon
862 3974 929 4033 mibi
1000 3974 1025 4029 io
1038 3973 1071 4028 ad
1083 3989 1183 4028 autrum
1198 3973 1230 4030 il.
1246 3973 1276 4028 C.
1290 3975 1352 4042 il'l,
1365 3973 1455 4045 quoe.
1471 3977 1603 4032 Leeanius
1616 3988 1644 4035 et
1657 3979 1691 4033 ll.
1707 3980 1778 4034 Lici-

141 4057 248 4112 ceustat.
263 4049 325 4110 Siue
338 4050 400 4120 quia
414 4048 541 4124 quidquid
556 4047 707 4113 acriculus,
723 4047 856 4118 Sulpicius
875 4050 927 4104 Se·
980 4046 1042 4100 nius
1056 4046 1180 4100 consules
1191 4056 1279 4113 eraut,
1291 4044 1447 4104 disserens:
1463 4049 1516 4104 Sed
1528 4065 1580 4104 noa
1591 4066 1639 4122 ope
1652 4054 1776 4119 bentona,

142 4130 233 4196 rarus,
245 4120 376 4191 Georgius
392 4120 553 4186 disturbas,
567 4131 647 4190 atquc
661 4119 724 4186 alil,
739 4120 774 4175 dc
790 4119 863 4176 Petri
877 4119 928 4176 mi·
980 4117 1077 4188 inquit,
1094 4133 1144 4172 reon
1157 4116 1333 4188 lerpitioaibes
1352 4119 1496 4191 principia,
1518 4130 1562 4175 aret
1582 4120 1665 4175 licem
1686 4123 1779 4194 plece-

141 4190 260 4252 recusa
282 4192 316 4249 ud
340 4193 478 4252 [iomanes
502 4192 615 4262 patratis
630 4191 769 4262 speciatim
795 4192 927 4260 recitent,
980 4189 1071 4244 retentis
1086 4187 1220 4244 decedebat
1239 4188 1357 4258 iresterna,
1371 4185 1546 4263 peirtjesserrr
1563 4193 1710 4246 iecettdr'enr
1721 4209 1779 4247 cre-

142 4270 249 4318 uostera
275 4262 645 4329 niltaledcsceudal;sedde
657 4261 927 4332 quibusdamtanturn
980 4259 1092 4316 deretur.
1114 4258 1184 4332 Erpo
1199 4259 1323 4315 abolendo
1337 4262 1435 4315 rettrori
1458 4260 1529 4315 llere
1548 4263 1661 4317 subdidit
1673 4279 1740 4330 reos,
1754 4271 1779 4318 et

142 4334 286 4390 tnteerirterit
299 4337 461 4406 gerreratiut,
475 4335 548 4389 editis
562 4334 714 4406 quibusdem
726 4334 855 4390 miraculis
859 4371 927 4388 ......
980 4332 1163 4403 quaesitissimis
1176 4332 1256 4399 penis
1266 4329 1352 4397 affecit
1375 4347 1437 4401 quos
1451 4348 1497 4400 pet·
1505 4332 1606 4404 {lepitie
1616 4335 1710 4390 inuisos
1721 4335 1779 4389 eel-

144 4401 204 4460 Sire
225 4417 325 4475 pastea,
359 4407 486 4475 quereiam
505 4406 568 4461 dum
591 4405 726 4462 arnobius
748 4414 776 4461 et
794 4405 929 4476 Sulpicius
980 4420 1028 4475 pes
1041 4401 1198 4458 Clniuieaos
1218 4403 1374 4474 appellabat.
1396 4400 1512 4472 Parique
1536 4403 1618 4458 orode
1640 4405 1776 4475 Sulpicius

143 4475 365 4540 &ceraseorum
388 4478 502 4536 Simonis
525 4477 595 4532 itai
620 4476 651 4530 de
675 4477 739 4531 ateio
760 4478 787 4530 t'e
811 4488 926 4545 terreor,
981 4479 1116 4529 Seuerus:
1131 4473 1282 4527 Abundaete
1299 4476 1357 4546 jaer
1372 4470 1576 4528 Christianorum
1594 4475 1778 4544 irreititedine,

145 4559 225 4608 veste
237 4548 316 4610 Ριιιιιι
333 4549 420 4620 Petro,
432 4549 553 4608 teletimn
567 4495 662 4610 βιαιο.
673 4548 836 4617 precipitati,
852 4563 929 4603 men·
982 4546 1074 4599 aecidit
1091 4554 1119 4597 et
1142 4542 1226 4598 Rorrra
1246 4544 1364 4600 incendia
1382 4545 1562 4616 condonaret,
1579 4543 1685 4603 Nerone
1707 4548 1780 4622 apud

146 4615 236 4676 tionem
250 4623 370 4688 sociant,
394 4621 487 4690 adjicit
514 4630 606 4678 exerte
631 4619 761 4690 Georgius
783 4618 928 4676 bictuclrita
940 4596 967 4658 Ῑ)
981 4617 1084 4671 Aritium
1097 4616 1243 4671 constitute.
1262 4615 1316 4671 Sed
1328 4617 1413 4687 opinio
1425 4620 1539 4670 orrteiuet
1551 4617 1676 4674 inuidiam
1689 4619 1778 4675 ineen-

146 4688 218 4755 iet'sse
230 4692 255 4746 itt
267 4695 319 4764 ejus
335 4694 528 4765 prestipitttoris
544 4691 666 4747 uestibulo
678 4707 765 4745 cartem
776 4701 872 4744 reterre
886 4691 927 4744 al·
980 4689 1016 4741 dii
1037 4689 1065 4742 in
1084 4687 1226 4759 principem
1239 4687 1409 4759 retorquebat,
1426 4688 1623 4754 credebaturque
1637 4691 1780 4762 insuperator

146 4759 242 4828 tipotaro
255 4765 298 4835 qui
311 4767 413 4835 quossis
425 4766 460 4818 ed
475 4764 606 4818 darrtiaent
619 4764 719 4817 irr'ttsse
734 4764 858 4817 intrantes
880 4762 928 4815 de·
980 4759 1091 4832 pieriam
1103 4759 1255 4816 irrrtaeande
1268 4762 1336 4815 erbis
1350 4761 1480 4831 quesisse.
1497 4758 1525 4814 N
1527 4777 1589 4830 eqee
1604 4762 1659 4817 elia
1673 4778 1701 4816 re
1720 4762 1781 4845 epi-

147 4843 235 4888 aerarrt
246 4851 255 4888 :
265 4837 374 4891 coluisse
385 4846 471 4892 anteat
484 4834 622 4907 aliqrtende
636 4783 742 4888 berron
756 4833 789 4888 ad
798 4834 928 4889 Siteoneet
981 4831 1062 4886 ciebat
1085 4832 1147 4901 qrtie
1169 4830 1201 4886 ab
1214 4847 1244 4886 eo
1254 4834 1358 4917 pessare
1372 4832 1517 4886 incendium
1537 4842 1680 4903 peteretur.
1696 4832 1783 4904 tpeor

148 4897 245 4974 diepam
258 4907 346 4972 edire;
361 4916 470 4979 imaeque
492 4908 597 4971 iussisse
609 4907 677 4972 certi,
692 4914 719 4959 ιιι
729 4909 800 4976 prior
811 4907 927 4973 irttreret,
981 4904 1054 4958 uertit
1069 4904 1192 4958 lastidient
1204 4904 1231 4956 in
1243 4902 1412 4970 dltrr'stiaeas,
1427 4912 1538 4972 uctteqee
1551 4905 1578 4956 t'e
1591 4904 1709 4959 ittrtoaios
1722 4920 1782 4959 cre·

148 4981 168 5023 et
182 4989 235 5030 sote
245 4979 355 5032 beraeae
372 4977 497 5049 blopistra
512 4980 544 5032 de
558 4976 636 5033 Petro
658 4993 704 5049 pro
727 4976 825 5044 [oribus
848 4986 929 5031 stante
981 4974 1120 5030 delissirete
1131 4977 1300 5045 questiones,
1315 4977 1377 5044 quin
1394 4981 1419 5028 et
1434 4989 1505 5028 rraate
1518 4983 1610 5029 retortos
1631 4979 1783 5046 eaeopitetoe

148 5048 316 5114 ιιιιίιιιιιιίιι
329 5066 388 5108 uero
401 5052 638 5122 camertintlestem
646 5049 724 5119 [nisse
737 5066 751 5102 a
762 5065 836 5115 carte,
850 5064 929 5102 caec·
983 5047 1030 5172 Sim
1048 5046 1162 5116 [erarem
1181 5047 1256 5115 terqis
1270 5045 1393 5109 coeteri,
1410 5046 1509 5099 laniate
1523 5062 1616 5100 cauete
1636 5048 1782 5103 interirent.

146 5115 235 5199 bretti
256 5123 283 5178 itt
304 5121 404 5178 edibus
424 5133 495 5176 areret
523 5120 713 5192 obstupefactis.
741 5120 802 5177 Siue
828 5121 929 5185 tertio,
1014 5117 1062 5171 ulti
1084 5116 1201 5172 crucibus
1221 5117 1305 5188 aliisi,
1321 5127 1366 5171 aet
1379 5117 1486 5185 danturne
1501 5118 1568 5182 esti,·
1588 5118 1701 5188 plerique
1714 5119 1741 5173 ie
1754 5118 1782 5174 id

165 5203 203 5246 uta
225 5207 283 5256 euos
309 5197 360 5250 ista
387 5193 518 5250 miracula
544 5192 663 5247 lelrnlaur
693 5207 767 5248 merc
793 5191 932 5248 redoleant

160 5260 256 5320 undeet
272 5266 387 5334 primunr
401 5265 572 5321 doctissimus
585 5262 705 5333 Caperes
721 5261 834 5334 toletan
850 5262 931 5330 inira,

149 5337 339 5413 terremotum
347 5333 832 5418 probabilius,appellabit),librislus
843 5343 933 5389 autent

148 5408 265 5462 miracula
281 5408 364 5479 louge
388 5408 459 5462 alitus
480 5417 584 5462 naturae
601 5411 769 5475 prorursisset
782 5405 884 5461 editum
900 5405 933 5460 iri

148 5487 192 5543 per
202 5480 345 5546 apestolus,
362 5493 477 5554 quaeque
491 5480 527 5534 illi
542 5477 611 5534 adeo
624 5477 785 5543 ediderunt,
801 5479 854 5533 iuro
874 5491 934 5549 quae

149 5556 172 5599 et
184 5546 271 5608 Patres
290 5551 362 5608 edita
377 5565 439 5607 esse
458 5549 493 5606 ab
515 5548 645 5621 apostolis
667 5548 850 5615 erediderunt,
865 5551 935 5604 sterit

150 5618 186 5672 rel
198 5636 227 5675 es
238 5638 333 5678 eorum
350 5622 468 5677 leomiliis
482 5629 509 5677 ct
523 5622 724 5676 cotnrneutariis
741 5620 774 5675 ad
790 5619 856 5674 beta
871 5634 936 5688 apo·

149 5691 268 5749 alelmum
283 5695 370 5765 liquet
381 5691 635 5764 :idcirco,iuqnatn,
652 5691 795 5748 admodum
807 5690 936 5761 possibile

983 5189 1114 5253 reseruati,
1128 5198 1155 5244 et
1168 5203 1226 5241 cetto
1241 5187 1372 5260 defecisset
1393 5186 1489 5241 diesin
1505 5204 1578 5243 rtrum
1602 5190 1720 5244 nocturni
1742 5190 1783 5244 lu·

984 5260 1060 5316 artinis
1075 5257 1229 5333 uteremur).
1244 5257 1299 5312 llos
1313 5260 1385 5313 initio
1400 5259 1427 5312 t'e
1443 5255 1603 5315 Clerittieees
1615 5262 1699 5316 sariri
1711 5269 1783 5332 step*

985 5342 1048 5388 teat.
1064 5330 1103 5386 lta
1128 5331 1209 5403 igitur
1225 5330 1314 5385 amira.
1328 5329 1380 5386 Sed
1398 5331 1442 5384 uel
1456 5330 1520 5388 intle
1534 5332 1622 5402 primo
1643 5335 1702 5403 plus
1716 5332 1784 5389 satis

985 5404 1069 5474 liquet
1083 5402 1239 5458 Cornelium
1257 5401 1414 5457 'lacitnmct
1426 5400 1574 5473 Sulpicium
1584 5403 1713 5460 Severum
1728 5419 1783 5460 nou

987 5492 1049 5533 esse
1069 5476 1095 5530 in
1109 5477 1160 5530 leuc
1175 5475 1283 5544 negotio
1298 5473 1349 5528 uisi
1371 5488 1421 5546 pro
1441 5489 1496 5530 urio
1514 5486 1541 5530 ct
1562 5478 1658 5532 cariem
1674 5476 1784 5530 bomine

988 5548 1180 5615 nurnerandos,
1195 5545 1268 5617 quud
1281 5560 1340 5616 quar
1363 5547 1389 5600 in
1410 5546 1520 5616 Sulpicii
1539 5548 1629 5603 uerbis
1652 5544 1784 5602 nncirnrlis

988 5619 1163 5683 inclusitmrs,
1186 5617 1291 5689 sirtgala
1306 5616 1417 5674 totitleru
1431 5609 1487 5674 lere
1499 5620 1612 5690 syllabis
1623 5616 1694 5687 aporrd
1706 5615 1784 5670 Taci-

989 5699 1057 5757 tum,
1072 5700 1133 5761 past
1148 5690 1192 5746 illa
1207 5704 1267 5760 anu
1284 5705 1319 5746 cn
1333 5688 1392 5760 eires
1404 5690 1553 5746 Antiatibus
1573 5687 1783 5757 descripsimus,

149 5760 458 5830 deucalionemne
473 5765 624 5836 respexisse
636 5767 723 5836 petius
738 5763 868 5834 adaliqua
880 5776 937 5817 roe·
988 5761 1130 5832 legentum
1146 5761 1219 5833 qued
1240 5760 1302 5820 ideo
1320 5770 1384 5820 aete
1398 5762 1488 5818 sternia
1510 5763 1685 5816 obsecratum
1705 5758 1785 5813 rolu-

148 5830 294 5896 irrisores
307 5837 434 5896 miracula
448 5844 583 5910 umquam
595 5837 687 5896 Roma
697 5850 746 5908 per
759 5835 868 5894 Petrum
880 5832 937 5892 lae·
989 5847 1060 5905 taus,
1074 5847 1110 5891 ue
1128 5834 1253 5911 qaisnoos
1275 5846 1347 5892 nunc
1367 5834 1496 5905 temporis
1510 5839 1622 5907 prepter
1641 5838 1786 5908 utrumqne
