4142 6184
283 222 363 339 ssi,
972 255 1130 316 ctsouurt
1148 254 1283 317 coenat
1497 256 1521 305 ·.
1570 254 1584 285 ·
1842 244 1927 313 ,stt

282 388 370 448 λικοὺς
388 380 489 450 οἴκους,
509 379 541 436 tic
565 379 597 434 iis
614 374 657 450 qui
669 379 696 434 iu
712 378 808 449 palutio
822 385 965 443 uertuntur,
987 390 1080 432 recen·
1093 373 1123 434 Α
1134 371 1253 442 loquitur
1269 376 1276 425 Ξ
1292 368 1398 425 Cirristo
1412 370 1534 439 teurpium
1554 368 1636 437 succe
1647 365 1737 430 colarii,
1750 364 1926 433 euntquciuter

283 468 378 529 setque
399 457 496 511 ibidem
511 456 571 514 τοὺς
581 453 645 525 ἀμφὶ
662 453 706 506 riu
719 450 842 523 Δωμόθοον
856 448 1003 523 βασιλικοὺς
1015 453 1082 502 ποῖ·
1133 442 1195 497 ticos
1213 444 1336 514 recipere.
1350 441 1426 508 Quod
1442 451 1466 495 et
1479 438 1628 513 liodricuac
1642 439 1766 509 cogitasse
1780 437 1874 519 intur,
1884 436 1926 507 qui

282 529 347 595 δας,
363 525 390 582 id
412 534 469 592 est,
493 521 679 587 cubicularios,
703 522 855 586 similesne,
875 520 974 589 quibus
998 518 1083 572 Doru-
1135 514 1230 582 tempto
1246 514 1273 568 iu
1296 511 1412 594 cornibus
1434 511 1577 566 ciuitatibus
1591 511 1647 564 ciue
1661 508 1807 562 notuiucrrs
1814 508 1927 589 jusserat

283 600 370 656 tltaeus
390 603 507 667 ptaeerat
520 612 528 647 ι
541 594 601 665 qui,
616 591 722 648 tametsi
735 591 834 649 suiumi
853 590 964 645 honoris
979 601 1081 658 praero-
1133 584 1206 652 fieri,
1222 600 1280 654 quc
1292 584 1368 638 bodie
1381 583 1488 645 idcirco,
1499 588 1560 652 quic
1577 597 1629 635 oon
1641 579 1732 635 liabent
1751 594 1873 661 nantino,
1888 579 1927 631 tii·

283 670 372 741 gatira
386 667 420 723 ab
435 664 642 736 imperatoribus
656 665 744 719 ornati
755 671 864 727 esseut,
880 675 931 716 nee
945 659 1034 714 miuus
1048 658 1083 711 ab
1134 664 1228 708 cuntur
1249 670 1375 721 nomini,
1395 669 1452 724 quaa
1466 654 1510 708 iiic
1528 653 1562 707 ad
1585 652 1634 707 ime
1657 660 1764 730 parasse
1786 647 1926 703 eruimur.

283 740 379 797 iisdem
396 738 571 808 diligerentur
584 749 665 806 quam
681 733 744 800 iiiii,
762 733 858 804 probra
878 740 968 786 tanicu
983 739 1011 785 et
1026 738 1083 784 tor·
1133 724 1200 780 Nam
1210 741 1272 780 cum
1286 725 1437 780 Hadrianus
1451 723 1478 778 id
1492 724 1643 794 agitaverit,
1655 731 1685 776 ut
1697 719 1818 792 pluribus
1834 720 1927 788 probat

285 818 376 867 menta
417 822 448 864 ro
470 808 623 864 Christiana
645 805 777 875 reiigione
800 805 852 874 pati
874 803 1035 865 uoluerunt;
1055 807 1084 854 et
1133 796 1224 865 magni
1238 795 1355 851 nominis
1372 797 1424 861 vir,
1440 795 1470 849 P.
1493 793 1585 848 liunici
1600 792 1723 858 iluetius,
1739 790 1767 845 in
1782 788 1926 870 empna

285 823 1082 948 nioraitBorotbeumatqueGorgoniamstrangulatosesse.
1136 867 1319 938 Euangeliou,
1340 866 1402 921 iude
1416 881 1431 920 a
1444 864 1549 920 ratione
1570 865 1687 919 alienum
1715 870 1827 917 nonest
1844 874 1929 930 ipsum

286 952 320 1008 lit
334 950 427 1020 accipe
448 947 554 1005 tandem
576 944 649 1018 quod
670 946 751 1013 mibi,
772 946 834 1000 dum
852 944 910 999 οοο
935 940 1038 1005 scribo,
1057 941 1083 994 in
1134 937 1295 993 Cirristianis
1320 936 1433 1003 iniisse,
1459 945 1487 992 et
1508 938 1723 991 concessissent
1744 930 1833 1001 palam
1858 934 1929 999 quasi

287 1031 407 1079 mentem
432 1022 522 1085 uenit,
543 1014 615 1089 quod
637 1017 660 1072 si
684 1016 797 1086 probas,
822 1016 854 1070 iis
872 1014 953 1084 plnue
966 1014 1085 1067 omrrise
1134 1008 1270 1063 Ctiristum
1287 1009 1379 1062 coiere
1398 1018 1425 1062 ct
1445 1008 1559 1061 adomre
1579 1014 1701 1075 possent.
1717 1002 1787 1071 Quin
1801 1012 1831 1056 et
1844 1003 1930 1057 ecclc·

288 1093 379 1150 medio
393 1091 497 1147 sublata
510 1090 589 1145 iuret.
601 1089 666 1157 Cap.
675 1090 714 1154 6.,
727 1088 764 1142 uti
778 1087 845 1149 din,
860 1091 994 1141 nternorat
1004 1083 1081 1154 βασι·
1134 1080 1189 1133 sias
1202 1081 1253 1133 sub
1265 1077 1382 1147 Troicum
1405 1079 1527 1147 principe
1546 1086 1683 1132 extructas
1706 1073 1791 1128 iuuisse
1818 1083 1931 1128 censeat

287 1167 372 1226 λαοὺς
392 1160 498 1228 παῖδας,
513 1160 682 1215 cubicularios
696 1158 835 1226 correspic-
849 1166 877 1212 ct
891 1164 966 1211 tuum
979 1156 1031 1207 erit
1042 1156 1085 1220 ju·
1135 1149 1234 1204 eruditi
1258 1149 1354 1203 conlisi
1375 1148 1503 1216 Eusebio,
1517 1147 1564 1202 lib.
1581 1162 1626 1213 ιιι,
1644 1160 1672 1201 ο.
1693 1145 1739 1200 st.
1754 1141 1856 1226 Eodem
1871 1152 1931 1226 um·

289 1236 396 1298 dicare,
411 1249 475 1288 num
488 1247 548 1302 cap.
564 1246 583 1286 t.
598 1245 647 1301 pro
661 1232 705 1284 inl
724 1235 792 1285 πᾶσι
806 1227 919 1283 rescribi
932 1225 1030 1280 debeat
1044 1225 1086 1279 ini
1136 1229 1233 1287 pertore
1242 1219 1330 1288 tioruit
1339 1219 1418 1274 etiam
1431 1219 1590 1286 Quadratus,
1602 1218 1646 1285 qui
1660 1231 1718 1270 cum
1732 1213 1853 1283 Pittirppr
1869 1214 1933 1280 dira-

289 1314 365 1363 παίοι
381 1304 528 1381 ᾰμχόατωκς
543 1309 571 1356 et
584 1300 746 1370 subintelligi
765 1297 984 1355 commodissime
998 1303 1087 1365 potest
1136 1291 1183 1345 lus
1198 1290 1348 1361 prophetica
1362 1291 1446 1361 qratia
1462 1289 1572 1343 illustris
1586 1290 1664 1358 {uine
1678 1295 1847 1367 memoretur.
1862 1284 1934 1340 Prte-

289 1377 445 1449 βασιλικοῖς,
459 1388 519 1444 quae
532 1386 582 1427 ron
597 1370 744 1441 praecessit.
760 1369 794 1425 lit
807 1369 868 1438 quia
882 1368 970 1437 capite
983 1366 1087 1421 icum·
1136 1370 1174 1415 ter
1185 1363 1232 1415 iios
1242 1362 1287 1415 aiii
1297 1376 1396 1431 quoque
1406 1361 1551 1427 conspiceres
1562 1359 1776 1440 codearotcmparc
1787 1367 1933 1438 mguersni,

291 1448 353 1503 dem
384 1446 506 1501 ordinem
529 1444 661 1513 sequitur,
684 1449 828 1510 rtarratque
849 1440 934 1508 primo
961 1445 1086 1492 ctrnstan·
1135 1433 1202 1485 iuter
1225 1430 1408 1499 Apostolorum
1439 1445 1597 1484 successores
1624 1443 1766 1498 princepum
1792 1427 1935 1481 obtineretur

291 1517 354 1572 tium
369 1526 396 1572 et
411 1515 538 1586 martyria
550 1513 686 1586 βασιλικῶν
697 1510 806 1578 παίδων,
822 1510 884 1565 inde
899 1508 963 1578 ipsis
977 1507 1097 1575 pirariiec-¹
1136 1503 1241 1557 iocum:
1260 1503 1339 1556 οἱκαὶ
1351 1501 1396 1557 ἅτε
1410 1499 1547 1559 miraculo
1566 1497 1637 1560 ὄντος
1653 1498 1936 1623 θεοπροποῖῑὸμαθοταὶ,

291 1596 378 1643 turrim
404 1584 531 1640 Dorothei
551 1595 579 1639 et
601 1583 745 1652 Gorgonii,
768 1594 795 1637 et
822 1582 938 1648 tleuiquc
963 1577 1086 1634 Arubimi
1136 1575 1198 1635 τοὺς
1208 1573 1367 1655 auriniaco
1376 1573 1453 1627 τόπον
1463 1572 1781 1657 τῶκέκαλοοιῶκπαμακατ
1818 1569 1936 1650 sodium

290 1658 427 1728 episcopi,
442 1655 528 1727 magis
542 1655 681 1725 magisque
703 1652 849 1708 cmiiirmor
864 1653 890 1705 in
904 1665 935 1705 ea
949 1649 1086 1719 opinione,
1137 1645 1189 1698 ini
1202 1650 1252 1699 τῶν
1265 1644 1419 1698 tremitur
1430 1643 1559 1714 θεμελίους
1580 1639 1776 1713 ἐαῳκοδομοοκε
1789 1655 1834 1709 qia
1850 1648 1938 1707 utpote

291 1742 324 1784 uc
339 1739 410 1799 ,puto
429 1726 593 1796 Gorgonium
619 1727 700 1780 ctiam
726 1722 912 1795 praeiecturam
943 1722 968 1774 in
989 1720 1088 1789 pninrio
1141 1714 1260 1780 discipuli
1275 1722 1404 1767 tantorum
1417 1709 1701 1793 uirorumadrniraiiies
1714 1712 1832 1792 planem
1846 1710 1938 1791 diuisit

291 1795 678 1870 gessissc,etiortee1assiuc
694 1794 788 1860 illium,
805 1794 862 1849 sire
876 1802 1001 1861 nepotem
1016 1805 1087 1855 esse,
1141 1782 1307 1838 ecelesiarum
1326 1785 1503 1851 fundannum,
1516 1799 1575 1854 quc
1593 1798 1671 1837 uerita
1690 1798 1718 1836 m
1734 1781 1797 1834 bers
1816 1780 1936 1847 Apostoli

292 1871 338 1940 qui
365 1880 486 1939 tempore
512 1867 661 1922 Coristautii
688 1864 821 1936 burgasti,
849 1871 919 1918 teste
947 1863 1089 1916 limniianu
1140 1857 1212 1924 prim
1226 1856 1354 1925 jecerunt,
1372 1854 1597 1923 additicaedrfiriis
1610 1861 1799 1908 exstruxerunt.
1820 1850 1939 1932 licuntur

292 1940 426 2004 Marcell,
438 1939 483 2005 15,
495 1938 524 1993 2.
539 1937 684 2007 Gorgonius
698 1937 778 1992 etiam
793 1934 842 1990 luit
856 1944 984 1997 vocatus,
1000 1932 1091 1999 cuique
1142 1929 1194 1980 boc
1212 1937 1372 1996 argirmento
1386 1925 1537 1985 Pontiiicii,
1558 1935 1586 1978 ut
1601 1924 1734 1978 uariarum
1758 1920 1938 2003 ecclesiarum

293 2010 402 2065 tioiumi
415 2007 555 2064 Caemricoi
569 2008 781 2063 curocommicro
802 2014 867 2059 erni.
883 2003 949 2059 Nam
965 2005 1019 2058 dno
1033 2002 1091 2057 irie·
1142 1998 1256 2078 probent
1280 1996 1467 2077 aiitiqtiitatem
1491 2013 1497 2049 :
1518 1994 1566 2050 sed
1592 1995 1658 2059 utib't
1683 2004 1804 2075 tempora
1829 1989 1939 2074 'inimi

293 2089 357 2136 runt
367 2080 502 2152 praepositi
516 2080 588 2134 sacri
600 2078 735 2143 cubiculi,
750 2077 860 2146 Augusti
874 2074 978 2130 scilicet
991 2084 1018 2128 ct
1033 2076 1088 2127 bu·
1140 2066 1324 2121 cotistderautr
1338 2068 1485 2122 verisnniie
1504 2080 1671 2136 nequaquam
1691 2073 1734 2120 cst
1753 2062 1877 2118 ltusebto
1889 2063 1941 2116 tate

293 2162 395 2223 gustu,
415 2151 454 2206 uti
480 2159 553 2220 patet
576 2165 608 2204 ex
635 2149 653 2203 l.
678 2165 694 2201 v
717 2148 785 2202 Cod.
801 2145 1002 2216 dePraepositis
1018 2158 1088 2198 sacr.
1141 2137 1206 2207 quid
1220 2136 1246 2191 iu
1266 2148 1383 2193 mentem
1400 2138 1494 2192 veitice
1517 2138 1646 2206 potuisse.
1670 2134 1802 2204 Traianus
1828 2133 1963 2187 nolebat·

294 2224 396 2289 critic,
408 2237 440 2278 ac
453 2231 566 2292 utraque
588 2220 718 2290 dignitato
733 2218 885 2272 dormimus
898 2225 925 2270 ct
938 2215 1091 2283 Gorgmnns
1143 2208 1168 2261 iu
1184 2208 1295 2262 rubibus
1307 2207 1438 2275 lecturias,
1455 2207 1495 2264 vei
1510 2208 1648 2273 sodalitia,
1667 2205 1726 2260 sire
1742 2219 1859 2275 corpora
1877 2218 1941 2258 con-

295 2303 438 2364 potuerunt
458 2307 519 2348 csse
533 2292 619 2346 ornati
637 2304 809 2361 cquaiiqimm
820 2288 1092 2359 nuliusrcpagnarc·
1142 2279 1234 2343 stilai,
1249 2287 1359 2359 propter
1373 2278 1504 2333 iactiuues
1522 2292 1582 2348 quae
1597 2276 1696 2332 abillis
1718 2277 1819 2345 passim
1835 2276 1941 2329 excita·

295 2366 362 2431 rim,
383 2365 406 2420 si
428 2362 489 2434 quis
515 2378 563 2417 cos
585 2363 652 2415 aiios
675 2364 700 2414 in
731 2358 828 2429 palatio
844 2360 960 2413 itorrores
975 2359 1092 2424 gessisse
1143 2347 1251 2412 lisoius,
1267 2357 1305 2403 tili
1318 2357 1391 2418 potet
1405 2363 1439 2404 et
1453 2349 1533 2418 cirisi·
1546 2348 1582 2402 42
1592 2358 1619 2402 et
1631 2347 1676 2402 l⁵3·
1691 2346 1738 2403 lib.
1753 2362 1770 2400 ¹
1783 2347 1875 2413 spise.
1891 2343 1942 2399 Pil·

1143 2421 1192 2473 nii.
1208 2418 1309 2474 Eodem
1331 2419 1391 2473 loeo
1407 2419 1575 2474 itabebaotur
1587 2418 1800 2473 Citristiunorum
1816 2430 1942 2472 οοοοοο·

1144 2500 1202 2556 tus,
1223 2491 1286 2560 quia
1305 2489 1426 2545 Geirtiies
1446 2492 1528 2546 ctiam
1552 2490 1665 2559 coil=gia
1689 2503 1764 2543 sacra
1786 2498 1816 2543 et
1837 2488 1943 2545 nannai

1143 2560 1223 2615 alicui
1243 2560 1344 2616 deuota
1359 2559 1511 2627 babebaut;
1527 2572 1556 2616 et
1570 2561 1632 2615 inde
1648 2559 1760 2623 Plinius,
1774 2568 1802 2613 et
1817 2559 1882 2612 sine
1895 2558 1944 2611 du-

1144 2632 1189 2686 bio
1203 2633 1284 2685 etiam
1300 2631 1344 2685 ulii
1362 2631 1491 2699 presides
1500 2645 1548 2685 cus
1557 2631 1631 2686 coire
1644 2632 1779 2685 vetabant.
1795 2628 1870 2683 iiam
1883 2644 1945 2684 cum

1146 2702 1195 2771 Ep.
1208 2702 1244 2757 98
1268 2709 1406 2756 narrasset
1425 2701 1593 2757 Christianos
1610 2716 1719 2757 curneru
1737 2700 1851 2755 Christo
1867 2700 1945 2770 quasi

1145 2773 1201 2827 lico
1213 2774 1314 2838 dicere,
1327 2784 1496 2828 sacramento
1509 2787 1538 2828 se
1549 2773 1726 2843 obstringere,
1738 2786 1772 2826 ne
1785 2770 1944 2834 iatrocinia,

1146 2857 1181 2898 nc
1199 2843 1329 2921 arirritqria
1352 2844 1569 2909 curumittercut,
1588 2844 1693 2914 cepisse
1712 2843 1802 2897 cibum
1827 2847 1947 2911 promis·

1146 2929 1225 2969 cuum
1236 2924 1264 2967 ct
1278 2916 1432 2979 innoxium,
1445 2914 1520 2970 addit
1534 2931 1541 2967 ι
1557 2913 1633 2980 Quod
1644 2915 1729 2984 ipsum
1739 2915 1824 2984 sacen
1837 2912 1947 2965 desiisse

1146 2995 1204 3054 post
1223 2985 1331 3037 edictum
1353 3002 1448 3052 ructon,
1458 3000 1509 3056 quo
1520 2985 1660 3039 secundum
1671 2984 1790 3038 ntunduto
1806 2995 1854 3037 tau
1870 2984 1948 3036 bote-

1145 3057 1199 3108 rins
1212 3070 1267 3108 csse
1277 3063 1415 3109 octucom.
1431 3057 1531 3112 Deinde
1542 3056 1651 3111 obstant
1662 3053 1793 3124 ejusmodi
1808 3053 1945 3120 adnitens,

295 2437 447 2500 existimct3
465 2435 518 2488 iton
540 2433 708 2503 acquiescam
724 2430 804 2485 etiam
827 2429 916 2499 plane,
932 2429 1011 2482 sicui
1026 2441 1092 2480 cort-

292 2506 397 2571 jectura
409 2504 477 2568 buc,
488 2503 656 2574 nequeenim
672 2502 725 2556 aiio
738 2501 797 2556 ioco
810 2514 884 2555 meas
900 2498 987 2553 babeo
999 2512 1093 2551 cineri·

294 2574 429 2640 dationes,
443 2575 593 2645 displiceat.

332 2645 394 2701 ilaec
406 2654 487 2712 scint,
501 2645 542 2700 vir
557 2643 742 2714 propriissime,
760 2655 820 2712 ques
834 2650 922 2696 tecum
937 2638 1092 2694 commuui-

296 2730 362 2773 care
381 2718 473 2782 uolui,
489 2726 617 2785 tuumque
632 2728 703 2769 oiiiic
716 2713 767 2768 erit
789 2713 912 2782 judicare
935 2726 998 2765 num
1013 2709 1093 2780 digua

296 2786 342 2843 iila
358 2789 412 2843 sint
424 2789 480 2842 atio
495 2796 659 2855 memetque
674 2783 742 2838 adeo
756 2793 812 2839 tuo.
831 2781 893 2837 i'oic
904 2780 1056 2852 plurimum.

333 2857 541 2931 liuga-Comitis,
557 2854 591 2911 to·
602 2854 665 2911 iulii
683 2854 763 2910 1689.

396 2996 563 3067 Anipiistimo
578 3007 672 3050 umaro
683 2992 715 3049 S.
728 2991 764 3047 b.
780 2990 853 3047 Gici.
866 2991 992 3063 Cuperus.

331 3132 359 3189 id
374 3130 446 3203 quod
470 3140 631 3185 ereaturam
653 3140 726 3196 saepe
752 3124 881 3196 praedixi,
900 3124 924 3178 si
939 3123 1129 3202 Lactantiusc
1147 3126 1190 3180 rel
1201 3123 1484 3191 ccelesiis,ciiriiriani
1495 3126 1563 3179 satiri
1575 3127 1761 3181 cutodiearite
1772 3126 1862 3178 iucem
1883 3139 1948 3177 eon-

296 3204 396 3260 diutius
409 3203 480 3258 inter
492 3213 634 3270 operarum
658 3212 753 3251 ananus
768 3195 893 3260 horreret,
906 3210 978 3250 οοοο
993 3194 1093 3251 iactum

296 3282 468 3339 es13ctecce
482 3270 529 3325 tibi
542 3268 623 3323 uitam
638 3278 740 3329 nomm,
751 3281 831 3337 quarn
847 3264 1031 3337 typographus
1044 3264 1093 3321 ali·

296 3345 358 3400 cubi
371 3342 441 3398 incili
454 3356 537 3411 opera
551 3340 657 3396 cureris
670 3337 789 3408 adiicere
802 3336 918 3407 poterit,
933 3337 956 3391 si
969 3336 1049 3392 modo
1065 3347 1093 3393 tu

296 3415 405 3485 dignam
418 3426 478 3468 eam
491 3411 613 3482 judices,
626 3425 687 3481 quac
700 3408 798 3480 publici
815 3407 885 3478 juris
898 3408 962 3473 ilat,
977 3409 1019 3463 uir
1033 3423 1092 3463 am·

317 3487 429 3542 lissims.

297 3501 399 3627 pCap.
416 3554 461 3609 li.
486 3552 601 3621 iiepeaie
618 3550 703 3605 oditur
723 3547 802 3603 dudio
825 3548 882 3603 luce
904 3549 939 3602 ud
961 3547 1093 3603 ecclesiam

296 3627 436 3701 proiectus.
459 3623 549 3678 Manui
570 3620 740 3677 Ciuistianos
760 3620 846 3689 primo
869 3620 896 3673 in
926 3617 1093 3689 privatorum

296 3698 400 3753 cedibus
412 3696 582 3759 conuenisse,
598 3703 690 3763 postea
708 3691 835 3754 eosdem,
851 3690 1052 3760 indulgentibus
1066 3698 1094 3745 ct

297 3765 504 3823 conniventibus
517 3762 739 3834 lmperutoribus,
759 3761 854 3817 domos
867 3762 1020 3816 extruxisse
1031 3776 1092 3814 am·

316 3837 373 3900 las,
387 3839 413 3891 in
426 3834 521 3905 quibus
533 3835 670 3889 Cirristum
685 3834 716 3887 1).
741 3831 773 3886 N.
790 3831 897 3902 publice
911 3835 987 3900 quasi
1004 3840 1031 3886 et
1045 3846 1092 3901 pa·

298 3853 352 3969 latro
376 3906 511 3964 colebant.
537 3904 637 3958 Euseb.
665 3919 730 3967 vrit,
753 3917 779 3969 ι,
805 3902 899 3957 scribit
924 3899 1093 3957 Cirristianos

300 3987 409 4047 propter
433 3974 657 4030 innumerabilem
682 3973 800 4028 iideiium
825 3970 1025 4027 multitudinem
1039 3989 1093 4027 οοο

298 4057 440 4104 curticulos
454 4053 507 4108 τοῖς
520 4045 640 4106 παλαιοῖς
655 4044 849 4116 οἰκοδομήμασι,
864 4044 963 4118 εὐροίας
977 4044 1014 4103 οἷς
1028 4043 1094 4099 πλά-

297 4138 341 4181 τος
354 4120 403 4174 ἀνὰ
414 4119 501 4177 πάσας
519 4117 568 4177 τὰς
589 4115 675 4177 πόλεις
688 4117 716 4169 iar
741 4113 874 4187 θομολίων,
889 4115 1042 4169 extruxisse
1053 4115 1094 4168 iir-

298 4191 423 4253 κλοοὶας;
444 4188 574 4257 additque
593 4186 669 4256 lapsu
690 4187 820 4254 temporis
838 4199 869 4238 eu
883 4182 1022 4253 quictidie,
1044 4199 1093 4239 ne·

1145 3196 1293 3262 renitenti
1316 3199 1434 3267 loquitur
1447 3197 1518 3252 idern
1533 3196 1691 3260 Secundum
1706 3205 1734 3251 et
1747 3193 1816 3266 lrnp.
1831 3193 1949 3264 Traiani

1144 3267 1300 3334 decretum,
1315 3269 1501 3337 coitquireados
1519 3284 1571 3321 riou
1595 3283 1650 3324 cccc
1661 3265 1824 3323 Citristiuuos
1839 3267 1948 3319 :side

1145 3340 1299 3409 [ercamrai
1314 3350 1466 3408 urgueretur,
1483 3338 1635 3406 puniendos·
1648 3337 1717 3393 Cura
1730 3338 1802 3393 enim
1818 3335 1949 3391 Gentiles

1144 3408 1261 3462 niaxiiuo
1274 3407 1338 3463 odio
1350 3418 1577 3480 prosequerentur
1589 3407 1767 3473 Cirristiauos,
1780 3407 1950 3475 italiamque

1144 3479 1314 3533 occasionem
1336 3481 1494 3535 oririttcrcut
1516 3496 1564 3534 cos
1578 3478 1741 3544 accursandi,
1756 3477 1823 3532 iilud
1849 3478 1950 3546 utiquc

1144 3550 1362 3606 commodissime
1384 3548 1472 3606 iacere
1496 3550 1662 3621 potuissent,
1677 3551 1701 3603 si
1717 3550 1743 3602 io
1756 3547 1848 3603 oeulis
1870 3549 1950 3618 quasi

1145 3621 1283 3675 ciuitatum
1297 3624 1489 3685 centecimum
1506 3635 1556 3676 οοο
1568 3636 1619 3690 ego
1634 3629 1688 3675 tam
1702 3619 1809 3689 abjecte
1829 3618 1871 3674 de
1885 3634 1952 3689 pru-

1144 3690 1237 3746 dentia
1251 3699 1279 3745 ct
1293 3691 1391 3761 pictate
1406 3704 1526 3747 ceterum
1548 3692 1765 3746 Christianorum
1789 3692 1905 3751 sentin,
1922 3698 1952 3744 ut

1144 3762 1265 3827 credam,
1280 3776 1328 3817 cos
1354 3776 1416 3819 sese
1438 3762 1751 3832 uidentesuoientesque
1773 3762 1953 3830 grauissimis

1146 3831 1273 3901 periculis
1296 3833 1441 3902 obiecisse.
1464 3832 1598 3888 Praeterea
1623 3841 1796 3887 rironurnenta
1820 3841 1952 3886 ueterum

1146 3917 1195 3958 rios
1217 3903 1333 3971 docent,
1362 3903 1473 3975 ipsaque
1497 3913 1648 3973 ternporum
1673 3902 1793 3958 conditio
1825 3901 1954 3956 aitirmat

1144 3973 1306 4029 convenisse
1326 3972 1432 4029 Fideles
1447 3976 1473 4029 in
1489 3976 1654 4045 priuatorum
1669 3973 1790 4038 adibus,
1805 3973 1832 4026 in
1850 3986 1955 4027 coena·

1144 4045 1229 4110 culis,
1244 4049 1271 4099 in
1287 4044 1450 4113 porticibus,
1465 4060 1495 4099 er
1516 4043 1568 4115 ptis
1589 4054 1617 4099 et
1638 4043 1819 4108 coerneteriis;
1834 4045 1909 4112 quin
1924 4053 1955 4098 et

1145 4130 1209 4170 num
1220 4116 1320 4170 sacculo
1331 4116 1410 4171 tertio
1421 4062 1521 4186 terripla
1534 4117 1577 4170 ici
1594 4116 1717 4170 ecciesiae
1729 4112 1831 4170 luerint
1857 4115 1955 4169 adbuc

1145 4187 1300 4255 subjudice
1324 4185 1356 4240 iis
1370 4196 1524 4256 estgquarn
1546 4187 1572 4239 iu
1593 4200 1650 4241 rent
1672 4185 1758 4240 videri
1773 4193 1868 4254 potest
1880 4200 1956 4239 rar.-⁴

298 4263 371 4317 rnine
395 4256 580 4321 trucidentem
595 4257 682 4325 majus
696 4265 723 4311 et
744 4254 839 4309 meiius
861 4253 943 4308 ivisse
959 4270 967 4307 z
982 4253 1051 4309 adeo
1066 4263 1095 4310 ut
1145 4256 1187 4311 vir
1201 4256 1361 4311 cruditionis
1386 4255 1491 4311 l'ritler.
1510 4257 1698 4326 Spanlieruius,
1716 4257 1742 4310 iu
1756 4254 1881 4309 ilistoria
1899 4257 1956 4310 Ec·

299 4347 347 4402 per
360 4331 455 4387 παλαιὰ
468 4327 657 4400 οἰκοδομήματα
669 4325 740 4381 baud
762 4323 931 4381 incommode
944 4322 1095 4394 intelligere
1144 4327 1306 4381 clesiastica.
1322 4326 1391 4394 Qirid
1414 4329 1506 4382 multis
1516 4329 1528 4381 i
1540 4342 1591 4397 ego
1615 4341 1761 4395 persuasus
1772 4340 1832 4380 sum
1861 4327 1954 4381 inter·

299 4403 433 4473 possimne
454 4400 549 4455 daturos
575 4403 761 4467 privatorum,
775 4396 818 4452 uel
838 4403 913 4452 certe
927 4394 1094 4451 Citristiano·
1146 4407 1248 4467 prctcur
1271 4398 1394 4461 Eusebii,
1416 4399 1515 4468 quique
1529 4414 1590 4454 curn
1604 4411 1765 4468 sequuntur,
1781 4396 1858 4452 viros
1880 4413 1956 4466 pre·-

299 4488 360 4527 rum
373 4470 577 4535 conventicula,
591 4484 653 4539 quac
672 4469 768 4522 nibiln
783 4467 946 4537 priuatorum
973 4466 1094 4521 aediliciis
1148 4469 1236 4522 clarus
1258 4469 1338 4523 uerba
1356 4470 1449 4523 iiruca
1474 4484 1642 4540 ircapriaquaru
1657 4468 1834 4523 intellexisse.
1853 4467 1956 4538 Neque

300 4542 476 4606 diii'erebant3
490 4550 518 4595 et
530 4554 580 4610 per
592 4539 724 4599 1κκλοοίας
740 4540 838 4614 οὐρείας
852 4539 888 4599 εἰς
901 4537 1013 4603 πλάτος,
1028 4522 1132 4592 cdi-ll
1149 4540 1221 4593 enirn
1245 4538 1280 4593 dc
1303 4539 1424 4596 aediliciis
1449 4542 1567 4609 loquitur
1582 4557 1589 4593 :
1603 4539 1651 4594 sed
1670 4548 1870 4594 comriieiuorat
1885 4554 1957 4604 ctis,
1984 4532 1987 4541 ’

302 4612 361 4666 licia
376 4613 494 4680 majorca,
509 4624 569 4680 quae
584 4623 637 4663 οοο
660 4617 713 4662 tarn
735 4609 811 4678 ionga
827 4623 907 4678 quarn
922 4608 980 4661 iata
995 4619 1025 4665 ct
1036 4623 1108 4662 arn-1

321 4683 344 4736 in
359 4691 452 4747 erartt,
467 4690 495 4735 et
509 4681 537 4732 in
551 4678 648 4749 quibus
661 4676 829 4732 Christianos
856 4678 938 4732 ticum
952 4691 1030 4733 suum
1045 4694 1094 4734 co-

301 4697 358 4806 lere
377 4751 559 4820 utriusquisquc
581 4748 651 4803 sciro
674 4747 731 4801 iere
746 4756 860 4818 poterat.
880 4748 917 4802 lie
933 4749 984 4802 boc
996 4763 1095 4816 genere

293 4821 477 4876 aedificiorum
492 4818 620 4890 loquitur,
632 4832 665 4873 err
681 4831 741 4872 inea
762 4818 898 4887 opinione,
915 4817 1052 4888 Lamprid.
1066 4819 1094 4875 io

302 4891 345 4948 At.
362 4892 474 4956 Seuero,
489 4905 515 4945 c.
529 4890 565 4945 to
580 4906 587 4943 t
606 4888 670 4943 Cum
685 4885 825 4943 Citrisiiurtt'
838 4888 972 4956 qrtcntdaot
993 4889 1093 4959 iocum,

302 4964 346 5033 qui
360 4962 476 5032 publicus
496 4964 594 5032 fumi,
614 4970 786 5027 occupassent,
808 4968 897 5014 contra
908 4956 1042 5029 Popioorii
1055 4962 1096 5016 tii·

302 5043 402 5098 cercot,
415 5033 462 5087 iiii
476 5047 533 5086 caui
546 5030 645 5096 deberi,
660 5031 789 5100 remriprit
809 5029 899 5084 arelius
911 5046 978 5095 este,
991 5040 1018 5084 ut
1031 5048 1095 5102 quo·

303 5104 486 5173 nuptiarumque
495 5100 820 5172 iiiiclietrscoiutur,quuut
828 5101 1094 5171 popinariisdcdotur.

303 5173 369 5229 Nam
385 5174 508 5243 rpuanrris
520 5171 592 5226 clara
613 5170 719 5227 aedilicii
742 5173 842 5227 attentio
857 5172 928 5226 iutilia
945 5172 1001 5238 liat,
1017 5188 1095 5228 tero·

303 5244 391 5300 simile
403 5253 491 5299 tamen
504 5241 648 5297 adrandum
662 5250 703 5297 est
712 5242 921 5298 Christianoseu
930 5242 957 5295 iu
967 5243 1096 5299 iococon·

303 5315 465 5370 coornatam
480 5313 664 5378 exstruxisse,
683 5327 745 5367 cnm
757 5313 861 5383 absque
876 5322 948 5366 metu
971 5310 998 5366 iu
1014 5329 1096 5369 unum

303 5387 448 5441 convenire
470 5399 505 5440 ex
529 5382 693 5454 induigentia
720 5382 891 5454 imperaturis
922 5390 1050 5450 posseut;
1070 5392 1098 5440 ct

303 5456 368 5512 inde
391 5456 453 5512 binc
472 5450 602 5509 docemur
616 5460 679 5509 tunc
692 5452 861 5509 Christianos
878 5452 936 5507 loca
953 5452 1095 5521 babuisse,

302 5527 329 5582 in
343 5528 439 5598 quibus
452 5525 535 5581 iibere
553 5523 759 5589 etinveniebant,
773 5534 800 5579 et
813 5538 872 5593 quc
884 5523 1004 5577 ominium
1021 5534 1096 5593 pate·

303 5597 367 5652 bant
380 5596 476 5652 oculis.
489 5595 558 5659 Quin
579 5603 606 5650 ct
620 5593 671 5649 boc
683 5594 734 5648 sub
748 5593 883 5647 liudriano
904 5592 969 5661 ipsis
983 5606 1095 5650 conces-

303 5680 363 5721 sum
383 5666 465 5721 luisse
482 5663 562 5718 alicui
582 5664 666 5718 uideri
689 5662 787 5731 possit,
801 5664 863 5734 quia
878 5662 949 5719 idern
973 5664 1096 5737 Lampri-

304 5735 377 5803 dius,
391 5749 452 5809 cap.
475 5731 513 5795 ts
533 5732 600 5787 litu
619 5732 739 5805 ejusdem
761 5734 929 5809 imperatoris
943 5732 1039 5795 scien
1059 5736 1096 5795 ita

1146 4610 1192 4681 qui
1206 4624 1239 4664 ex
1253 4610 1446 4679 Apostolorum
1470 4612 1675 4665 successoribus
1699 4610 1842 4671 visebant,
1859 4609 1959 4664 eccie-

1146 4682 1248 4736 siarum
1262 4681 1446 4736 iurtdameutis
1459 4682 1494 4734 ab
1506 4682 1643 4750 Apostoiis
1655 4681 1736 4750 jactis
1750 4682 1959 4749 supersit-uuis·

1146 4766 1193 4815 se,
1211 4753 1253 4806 rei
1277 4751 1492 4807 Cirristizmorunr
1520 4751 1601 4807 iidem
1627 4755 1819 4812 cunttrniasse,
1845 4753 1959 4805 intritus

1145 4821 1313 4877 Christianos
1333 4824 1439 4889 iecisse,
1461 4832 1488 4877 et
1510 4837 1604 4877 eorum
1621 4834 1722 4877 centum
1742 4823 1783 4876 sci
1809 4821 1957 4878 ἐκκλησίαν

1146 4893 1264 4948 auxisse.
1281 4895 1313 4947 Et
1327 4894 1408 4962 petita
1425 4896 1481 4948 iraec
1494 4892 1621 4962 loquendi
1632 4895 1702 4949 ratio
1711 4901 1754 4947 est
1765 4892 1800 4944 ab
1814 4894 1958 4959 apostata

1148 4963 1241 5030 Paulo,
1257 4963 1355 5033 Eplres.
1368 4980 1403 5029 u,
1416 4964 1451 5018 tu
1464 4982 1471 5018 ο
1485 4961 1733 5037 Ἐποκκοδομοθέκτος
1743 4963 1785 5017 ἐπὶ
1794 4963 1959 5035 telegeriis·

1147 5044 1196 5090 τῶν
1207 5034 1365 5092 ‘seueritas
1375 5038 1418 5090 καὶ
1429 5043 1573 5111 ilpopnritu,
1588 5031 1660 5097 ὄντος
1667 5037 1847 5110 ἀκρογωνιαίου
1864 5035 1959 5088 αὐτοῦ

1148 5105 1230 5165 Ἰησοῦ
1260 5113 1388 5183 xpectat),
1411 5106 1610 5176 superedificati
1641 5121 1717 5177 super
1749 5104 1960 5174 {undamentum

1148 5178 1324 5250 apostolorum
1337 5191 1361 5231 et
1373 5182 1572 5248 proplietorum,
1587 5176 1643 5247 ipso
1656 5192 1754 5231 tortirac
1769 5175 1896 5245 crapulari
1916 5175 1959 5226 lc·

1148 5251 1207 5323 pide
1220 5250 1322 5304 ditono
1335 5246 1410 5302 lecu.
1432 5249 1491 5315 Quia
1503 5262 1585 5303 sensu
1600 5245 1769 5319 ἐποικοδομέο
1783 5256 1809 5300 οι
1823 5243 1957 5315 οἰκοδομὴ

1149 5336 1222 5391 soepe
1233 5319 1260 5374 in
1275 5319 1351 5375 Nouo
1364 5317 1478 5374 Fundere
1491 5327 1651 5387 usurpatum
1664 5320 1733 5371 adeo
1750 5324 1779 5371 ut
1796 5317 1883 5369 mirer
1899 5315 1959 5369 boc

1150 5407 1185 5448 ne
1200 5394 1249 5462 ipsi
1276 5390 1384 5460 quidem
1409 5390 1583 5460 sagacissimo
1599 5387 1705 5443 valesio
1724 5391 1751 5440 in
1764 5394 1888 5441 ruentem
1905 5398 1959 5438 re·

1150 5464 1233 5518 nisse.
1251 5462 1282 5516 lit
1296 5475 1448 5531 quanquam
1473 5461 1531 5514 baec
1553 5461 1589 5512 ita
1609 5472 1671 5514 sese
1692 5459 1820 5522 babeant,
1832 5462 1959 5509 censent

1151 5543 1239 5588 tamen
1255 5542 1283 5587 et
1300 5534 1436 5586 atttnnnu
1454 5528 1584 5600 pontilicii
1606 5529 1657 5582 suit
1672 5528 1823 5582 barinitiano
1835 5532 1865 5579 et
1881 5523 1961 5579 Tra·

1148 5604 1212 5673 jano
1236 5611 1405 5658 constructas
1428 5601 1513 5656 iniisse
1533 5599 1681 5663 ecclesias,
1703 5610 1731 5652 et
1754 5596 1846 5652 similis
1864 5596 1958 5650 tirolis

1150 5689 1243 5743 opera,
1257 5673 1439 5744 qualiabmlie
1450 5672 1597 5726 cernimus.
1613 5670 1745 5724 ilinucius
1764 5666 1837 5723 lielix
1850 5668 1895 5718 ita
1911 5669 1957 5718 to-

1149 5746 1240 5820 qaitur
1251 5743 1280 5803 iu
1290 5744 1402 5803 Octavio
1415 5759 1423 5799 ο
1435 5741 1487 5800 (λα
1498 5740 1593 5799 etenim
1615 5741 1743 5797 multare
1754 5749 1778 5798 ct
1790 5736 1959 5801 rincum
