4142 6184
838 705 1298 835 ELENCHUS

385 1141 636 1226 oannem
664 1140 801 1251 Qua
832 1141 894 1225 nu
920 1138 1044 1221 Hoc
1075 1137 1245 1231 sono
1279 1090 1721 1231 courrnsnrna.

644 1519 1452 1562 ...Q-„-

314 1839 408 1903 Liber
424 1839 606 1918 deOpibeio
622 1840 691 1905 Dei.

319 1942 683 2004 Mwmfflffll.

316 2044 505 2108 Dissertatio
518 2045 557 2108 N.
572 2045 602 2106 le
615 2045 743 2125 Nourry
757 2043 790 2104 in
805 2043 923 2105 librum
937 2042 976 2105 de
989 2042 1042 2105 Ira
1055 2041 1126 2103 Dei.

317 2145 505 2227 Disquisltio
520 2146 640 2209 Nicolai
656 2145 694 2207 de
710 2147 844 2225 Lestocq
862 2147 895 2206 in
910 2145 1030 2208 librum
1044 2145 1083 2206 de
1097 2141 1254 2206 Mortibus
1274 2146 1525 2222 persecutorum.

322 2249 493 2328 Appendix
508 2250 547 2311 (le
560 2249 686 2312 duobus
700 2250 779 2312 loeis
796 2248 865 2311 eorl.
879 2265 938 2310 ms.
957 2247 1055 2326 hujus
1068 2246 1153 2310 libri.

316 2346 507 2411 Dissertatio
528 2347 659 2410 Henriei
675 2345 827 2411 Dodwelli
841 2346 881 2409 de
894 2346 978 2427 Ilipa
989 2343 1109 2424 Stripn.

315 2447 413 2509 Liber
428 2445 467 2509 lle
483 2446 641 2511 Mortibus
655 2451 911 2526 persecutorum.

320 2544 479 2607 Laetantii
503 2544 692 2626 fragmenta.

319 2648 437 2710 Incerti
455 2647 596 2711 auctoris
615 2649 757 2710 Puonrux
771 2647 938 2710 Lactantio
957 2647 1105 2708 tribulus.

319 2747 435 2810 Incerti
451 2749 591 2811 auctoris
606 2765 735 2810 carmen
747 2748 787 2809 (le
803 2746 955 2810 Passieno
969 2748 1110 2810 Domini.

321 2850 459 2912 Carmen
476 2849 515 2911 de
531 2849 667 2911 Pascha.

322 2950 439 3014 Cerilli
455 2949 631 3029 symphosii
645 2949 805 3030 AEnigma.

322 3050 475 3130 Stephani
488 3051 608 3114 Datusii
627 3057 710 3114 notre
728 3052 760 3112 in
773 3051 890 3114 librum
906 3050 944 3112 de
958 3051 1116 3114 Mortibus
1135 3059 1384 3132 persecutorum.

323 3150 474 3231 Ejusdem
492 3152 525 3212 in
547 3153 611 3215 duo
624 3152 696 3215 lona
710 3150 851 3231 ejusdem
869 3151 941 3212 iibri
955 3151 1026 3213 dum
1039 3153 1191 3233 epistolae.

323 3252 407 3314 Petri
425 3251 526 3313 Diazii
539 3252 697 3313 sententia
710 3250 749 3312 de
762 3249 985 3331 quodam2looo
1002 3250 1158 3316 Laelanlii
1173 3263 1333 3334 corrupto.

324 3351 469 3429 Epistola
488 3350 611 3412 Baluzii
626 3350 666 3411 ad
679 3350 838 3413 Diazium.

321 3449 474 3531 Ejusdem
486 3451 579 3532 epist.
594 3450 634 3514 ad
649 3452 823 3518 Henrloum
836 3450 875 3514 de
887 3452 993 3516 Noris.

319 3552 463 3633 Epistola
476 3552 609 3616 loannis
624 3551 769 3615 Columbi
785 3551 823 3616 ad
838 3552 1021 3616 Gisbertum
1038 3554 1210 3635 Cuperem.

324 3652 448 3714 Lectori
466 3652 634 3715 benevolo.

322 3758 369 3819 De
389 3758 473 3819 libro
499 3757 560 3821 boe
579 3757 699 3838 judicia
721 3764 753 3821 et
776 3758 958 3821 testimonia
975 3758 1111 3838 aliquot.

321 3861 454 3924 loannis
470 3860 616 3924 Columbl
631 3865 714 3925 notre
728 3863 760 3923 in
774 3862 893 3922 librum
922 3860 960 3923 de
981 3861 1140 3926 Mortibus
1166 3867 1420 3943 persecutorum.

323 3960 445 4023 Nicolai
459 3961 610 4023 Toinardi
627 3961 783 4025 monitum
796 3960 920 4021 lectori.

322 4063 412 4125 Notas
423 4061 574 4123 'reinardi
597 4062 629 4122 in
642 4061 760 4122 librum
776 4059 814 4121 (le
830 4058 988 4122 Mortibus
1007 4069 1260 4139 persecutorum.

323 4162 461 4225 Gisberli
478 4161 594 4241 Cuperi
612 4168 705 4225 nolae.

328 4265 418 4327 Pauli
433 4263 551 4348 Dandri
567 4267 651 4329 noim
665 4264 696 4325 in
712 4264 829 4326 librum
844 4263 883 4325 (le
897 4262 1054 4325 Mortibus
1070 4272 1323 4342 persecutorum.

325 4366 516 4431 Dissertatio
531 4367 569 4429 N.
584 4367 613 4428 le
625 4367 753 4449 Nourry
764 4367 796 4428 in
811 4367 927 4429 librum
940 4365 978 4427 tle
992 4365 1150 4428 Mortibus
1167 4375 1419 4447 persecutorum·

325 4469 474 4551 Ejmdem
490 4470 729 4549 disquisitiones
745 4469 931 4551 dogmatica
945 4468 977 4531 ln
992 4468 1205 4533 Laclantium.
1275 4544 1278 4551 .
