4142 6184
167 310 216 370 ste

519 305 625 365 NOTAE
645 306 679 365 tit
699 307 763 364 itis.
784 307 827 363 lli]
847 306 1020 367 nuntietis
1042 308 1234 367 PERSEGUT.
1253 311 1331 369 CAP.
1352 312 1432 370 xit.

1747 275 1811 374 attav

165 445 231 495 nem,
246 444 303 500 pag.
320 401 382 489 tlt.
396 441 521 484 nttntmus
546 427 683 494 liaseutii,
700 429 726 483 in
750 426 828 496 etrjrrs
853 441 947 482 aversa
960 435 989 495 Α
1000 426 1137 483 Britannia
1151 430 1308 501 senemqui
1319 429 1518 488 sefatereturei
1530 447 1626 505 pugnas
1640 433 1798 488 interfuisse

164 511 232 567 parto
255 503 311 556 trac
332 499 431 571 scripta
451 512 514 554 suru
535 516 542 553 ι
565 499 696 556 Vtcronrt
710 514 753 554 uu.
773 514 818 554 un.
831 501 898 554 ilua.
914 513 948 553 ur

162 571 226 628 Gaas.
243 586 302 627 ror.
320 587 346 624 r.
362 586 446 626 suns.
470 587 495 625 ι.
506 570 574 640 Quin
585 586 651 642 ergo
661 570 823 625 celebratae
837 567 948 623 liaseu

162 645 195 698 tiu
205 643 254 697 sisu
274 642 498 711 quinquennalia,
515 641 664 709 etquidem
684 650 745 711 post
758 649 881 696 eractunr
896 655 946 693 au·

161 729 218 767 num
238 712 379 782 quitatum.
402 714 501 783 ambigi
527 727 580 767 ιιοιι
616 721 716 780 potest.
740 708 809 765 lituo
843 720 945 765 tanturn

159 800 252 852 quaro.
267 783 403 853 qtrnmodu
417 783 475 838 fieri
491 782 587 852 possit,
603 791 633 837 ut
644 797 704 850 quae
720 781 868 836 securmum
887 795 946 834 mo-

159 865 276 909 manacta
290 865 352 908 sum
362 853 497 924 dieprima
514 854 576 906 anni
590 854 670 918 sexti,
691 853 832 907 terminata
846 848 946 907 luserint

158 926 182 978 ia
192 928 240 979 irre
252 925 374 992 eistadem
398 923 472 978 arani.
486 922 548 980 Scio
563 932 623 979 rota
642 922 686 977 illa
706 936 803 990 magno
816 932 945 991 apparatu

157 996 282 1051 celebrata
295 995 394 1049 intime:
409 997 477 1050 festa
491 995 549 1049 baec
561 1009 611 1063 per
624 995 724 1049 multus
737 992 796 1048 dies
814 992 942 1059 durasse;

155 1077 179 1120 et
188 1081 236 1119 ιιοο
251 1066 340 1119 solum
355 1067 381 1119 in
390 1065 457 1120 urbe
469 1067 541 1136 regia
554 1064 833 1133 usurpabusedctiam
842 1063 868 1117 in
880 1078 943 1123 uro·

155 1137 248 1192 vinciis.
261 1135 362 1191 Verum
384 1134 430 1190 illa
450 1151 503 1190 uon
519 1136 629 1190 solvunt
640 1133 833 1190 dillicofuuem.
850 1132 905 1188 Nisi
918 1133 942 1189 si

153 1206 265 1263 dicamus
290 1207 428 1261 bominem
458 1207 639 1271 vtriupturium
660 1215 686 1258 ut
708 1204 821 1260 desidite
843 1214 943 1259 amato

153 1293 214 1343 ren,
226 1276 378 1346 eujrrsmodi
392 1276 475 1331 fuisse
484 1276 646 1332 describitur
656 1275 816 1340 Maxentius,
825 1274 942 1331 voluisse

999 513 1050 568 qua
1065 495 1199 554 Caesarem
1213 499 1371 556 inferentem
1385 517 1458 558 arma
1472 503 1628 568 Britannis,
1643 519 1737 559 arcere
1751 502 1797 557 iit·

998 569 1100 624 turibus
1109 580 1136 623 et
1148 571 1247 637 pellere
1258 574 1375 643 aggressi
1388 583 1451 627 stant
1466 591 1472 626 :
1485 573 1557 643 quod
1570 574 1718 643 corstigerat
1731 585 1796 628 ante

997 652 1084 694 astrios
1105 640 1162 696 fere
1185 652 1293 696 centurn
1320 643 1425 711 uiginti.
1440 644 1473 698 lit
1491 656 1600 699 satietas
1616 644 1796 715 Hieronymus

996 710 1023 761 iu
1036 709 1143 781 dialogo
1156 711 1286 766 adversus
1300 713 1587 841 Lucisefiissffisffll‘fflb
1600 715 1732 769 Batonius
1746 731 1796 783 pu·

997 787 1035 833 tat
1047 782 1176 848 scriptum
1188 787 1260 837 circa
1275 797 1374 838 aratrum
1388 784 1488 839 ebriati
1554 826 1562 852 ,
1576 786 1615 840 ait
1625 793 1680 839 tuus
1699 799 1794 856 super·

996 847 1081 906 fuisse
1102 851 1301 924 homiues,qui
1327 854 1431 926 syuodo
1459 854 1574 910 Nieauae
1600 854 1792 920 interfuerant,

995 934 1073 975 raras
1086 932 1173 977 tamea
1196 935 1305 993 propter
1318 925 1517 996 antiquitatem.
1529 925 1634 996 itaque,
1645 933 1675 981 ut
1687 927 1720 980 ad
1733 940 1791 980 rem

995 1001 1117 1072 nostram
1132 993 1292 1060 redeamus,
1308 996 1342 1049 ita
1355 996 1572 1051 constituendum
1586 1006 1645 1062 est,
1660 996 1792 1051 visionem

994 1060 1069 1117 illam
1083 1066 1170 1119 crucis
1184 1063 1361 1121 Constantino
1379 1077 1495 1122 ostensae
1510 1067 1656 1138 contigisse
1680 1067 1706 1121 iu
1730 1081 1792 1120 cas·

994 1130 1043 1187 tris
1061 1132 1124 1187 dum
1144 1135 1256 1190 Romam
1279 1136 1428 1203 obsideret,
1444 1138 1525 1193 litai.
1542 1138 1701 1193 Nouembris
1719 1151 1792 1191 aurio

992 1202 1094 1260 Cbristi
1109 1206 1171 1262 312.
1187 1207 1282 1261 Audax
1298 1209 1369 1262 enim
1391 1224 1456 1264 sero
1472 1210 1583 1263 nimium
1605 1206 1656 1263 fuit
1673 1208 1791 1263 lacobus

993 1272 1125 1343 Oiselius,
1141 1278 1227 1347 quiin
1244 1277 1385 1333 Thesauro
1412 1280 1602 1334 tantaismatuut
1618 1278 1789 1345 antiquorum

41 2833 42 2844 ¹
137 2836 185 2895 ait.
199 2836 267 2891 libro
287 2851 358 2891 xxxv
370 2835 494 2892 Historiae
504 2849 605 2902 natue,
617 2853 676 2904 carr.
693 2836 721 2890 2·

40 3049 41 3054 ’
135 3050 265 3120 estmagni
282 3048 425 3104 momenti.

153 1364 216 1404 noro
225 1363 303 1403 more
316 1348 525 1418 quinquennalia
535 1362 582 1402 sua
596 1345 783 1402 commendata
798 1350 897 1411 tacere,
910 1361 942 1401 ae
993 1359 1053 1416 pag.
1070 1345 1135 1406 lib.
1147 1348 1194 1413 ait,
1210 1364 1273 1404 eum
1285 1351 1330 1420 qui
1346 1357 1431 1405 totum
1446 1350 1498 1405 Ιιοο
1510 1349 1647 1421 negotium
1661 1349 1696 1405 de
1708 1362 1790 1403 cruce

152 1429 283 1491 propterca
303 1433 352 1486 per
365 1434 465 1472 anuum
478 1419 652 1480 iutenrumea
665 1419 837 1472 continuasse
850 1435 856 1470 :
869 1418 941 1487 quod
992 1425 1100 1472 ostensa
1111 1417 1289 1475 Constantino
1304 1421 1336 1474 ad
1351 1420 1408 1490 pias
1419 1429 1540 1477 veterum
1556 1418 1664 1476 fraudes
1687 1419 1788 1474 retule-

151 1506 235 1560 pamm
250 1489 392 1558 probabile
405 1488 520 1543 uidetur.
535 1488 583 1545 Vel
611 1488 743 1554 fortassis,
757 1489 825 1543 sicut
839 1489 941 1557 prituus
991 1486 1038 1548 rit,
1061 1504 1156 1559 parunt
1176 1506 1190 1544 a
1221 1492 1259 1545 rei
1276 1492 1389 1546 veritate
1410 1494 1608 1547 aberraturum.
1623 1488 1693 1558 Quid
1711 1491 1791 1545 euim·

149 1562 282 1626 annidies,
307 1575 361 1628 quo
374 1558 582 1628 quinquennalia
593 1558 808 1619 celebrabantur,
824 1560 893 1613 ludis
908 1574 941 1616 ac
991 1556 1118 1631 deinceps
1129 1575 1223 1616 verum
1236 1561 1401 1628 censebitur,
1427 1562 1449 1617 si
1468 1561 1607 1617 historiam
1631 1566 1711 1626 ltartc,
1726 1575 1787 1630 quse

147 1631 278 1687 sacrificiis
296 1630 501 1699 transigebatur.
522 1631 562 1685 sic
576 1631 671 1686 eadem
690 1629 822 1685 solemnia
835 1638 940 1699 repete·
991 1627 1135 1696 Laetantii,
1148 1631 1235 1687 Publii
1246 1633 1383 1701 Optatiani
1397 1632 1548 1702 Porphyrii.
1561 1632 1681 1696 Etrsebii,
1697 1645 1730 1685 ae
1742 1646 1790 1684 re·

147 1703 234 1758 bantrtr
249 1704 276 1756 in
297 1701 392 1756 ultimo
404 1702 448 1754 die
463 1700 583 1770 ejusdem
597 1703 671 1764 anui,
691 1711 721 1755 ut
735 1700 775 1754 sic
789 1702 939 1771 qrtiuqueu·
991 1708 1077 1754 terum
1089 1704 1171 1757 etiam
1198 1704 1389 1757 aurarismatum
1414 1704 1567 1758 testimonio
1586 1702 1692 1766 nititur,
1718 1700 1788 1756 iuter

990 1769 1095 1826 fabulas
1107 1782 1134 1827 et
1153 1771 1220 1841 pias,
1236 1783 1265 1827 ut
1279 1773 1326 1829 ifle
1347 1775 1395 1836 ait,
1418 1784 1538 1829 ueterum
1554 1773 1662 1828 fraudes
1682 1786 1788 1827 conuu-

145 1774 206 1829 nalia
229 1789 263 1829 eo
293 1771 373 1826 rarodu
398 1775 606 1828 terminarentur
630 1789 683 1842 quo
702 1780 856 1841 coeperaut,
880 1775 937 1840 pari

989 1855 1096 1897 merare
1108 1842 1148 1898 fas
1162 1843 1265 1899 fuerit?
1278 1844 1440 1914 Religiosius
1456 1845 1506 1899 ista
1521 1842 1659 1900 tractanda
1674 1851 1747 1907 suist,
1760 1850 1788 1897 et

144 1845 194 1900 fere
206 1844 300 1908 ιοοιΙο,
312 1857 366 1912 quo
378 1843 565 1914 processiones
578 1846 718 1898 currsuium
731 1852 834 1913 septem
857 1856 935 1899 erarrt

144 1930 310 1982 pransum,
325 1919 354 1967 ut
365 1923 478 1982 paretes
492 1914 595 1969 aurelia
608 1914 659 1970 toa
669 1912 932 1981 imperatorislusti-
984 1910 1135 1984 irreligiosa
1147 1915 1192 1970 iila
1206 1916 1344 1970 temeritas
1360 1915 1452 1986 pfoeul
1471 1915 1567 1971 abesse
1593 1915 1676 1970 debet
1689 1929 1704 1966 a
1720 1928 1785 1982 pec·

143 1986 214 2042 niani.
223 1986 298 2055 Quid
306 1986 329 2040 si
340 1984 640 2054 tranfesimperatorum
651 1985 802 2047 tassieium,
813 2001 873 2040 carm
886 2001 933 2054 per
983 1981 1088 2037 toribus
1101 1986 1319 2041 eluistianorum.

143 2070 356 2126 unumquemque
379 2069 501 2110 mensem
523 2057 721 2111 recurrebant?
736 2054 801 2109 Nam
816 2057 841 2109 in
858 2059 932 2111 actis
1018 2053 1121 2109 Circum
1134 2057 1213 2126 peso,
1226 2057 1439 2114 cbristunsfiaec
1451 2054 1747 2127 itainteiligendasunt,
1758 2064 1788 2107 ut

142 2129 217 2183 nocti
232 2127 354 2183 liat-celii
364 2126 546 2195 centurionis,
559 2129 605 2197 qni
621 2142 715 2197 passus
728 2135 770 2181 est
781 2126 808 2180 in
820 2127 931 2182 ciuitate
981 2120 1083 2179 Christi
1099 2142 1301 2192 montagramma
1328 2129 1529 2184 circumflexum
1545 2127 1666 2183 fueritin
1691 2127 1780 2194 capite

141 2198 271 2268 liugitaua
297 2198 348 2253 sub
369 2196 482 2266 imperio
497 2196 672 2264 Diocletiani,
689 2198 796 2267 reperio
810 2197 881 2250 diem
897 2198 931 2253 12
981 2193 1090 2261 Labari,
1108 2199 1270 2255 urridemus
1285 2201 1311 2254 iu
1328 2199 1446 2255 nummis
1460 2198 1609 2255 ueteribus.

141 2268 309 2325 iafettdarum
322 2270 433 2337 Augusti
454 2267 537 2322 fuisse
553 2266 649 2324 festam
668 2270 694 2322 in
708 2268 822 2338 imperio
832 2267 931 2323 Roma·
1016 2266 1108 2322 Libros
1119 2269 1261 2341 Sibyllinos
1271 2271 1373 2339 inspici.
1385 2270 1511 2326 Zosimus
1522 2271 1567 2326 liis.
1582 2287 1599 2326 tt
1613 2286 1619 2323 :
1633 2266 1783 2322 Maxentius

140 2339 259 2396 uo:ton
283 2341 328 2394 oie
348 2339 498 2393 duodecimo
515 2339 681 2395 kalendarum
695 2348 874 2410 augustarum,
889 2340 930 2393 iu·
980 2335 1094 2393 inclusus
1107 2341 1158 2393 diis
1183 2341 1280 2395 trustino
1308 2343 1434 2405 inrutolot,
1450 2351 1475 2410 et
1501 2343 1638 2408 extispices
1661 2339 1694 2391 de
1719 2339 1783 2391 belli

140 2413 199 2482 quit,
213 2413 286 2482 epod
300 2411 375 2482 signo
388 2409 495 2482 legionis
519 2412 602 2476 istius,
629 2412 731 2479 mando
755 2410 821 2464 diana
835 2412 928 2479 festum
979 2418 1069 2462 euentu
1082 2412 1203 2472 consulit,
1219 2413 1282 2478 ipsis
1295 2428 1396 2483 quoque
1411 2413 1547 2482 Sibyllinis
1559 2410 1674 2465 oraculis
1681 2424 1783 2476 peraes-

139 2484 296 2551 inperatoris
323 2482 399 2535 nestri
422 2481 576 2544 celebrastis,
601 2483 703 2552 publica
724 2496 783 2535 soce
795 2481 926 2548 respondi,
978 2478 1076 2549 ligatis.
1094 2480 1208 2549 Canaque
1220 2484 1354 2549 reperisset
1366 2486 1502 2537 oraculum
1523 2500 1572 2551 qrta
1590 2481 1782 2551 significaretur

139 2552 359 2610 naissitanum
380 2552 643 2610 mansuefacimus
666 2556 765 2622 quippe
788 2553 928 2607 trerusesr
977 2548 1081 2619 inlatis
1106 2568 1172 2616 esse,
1198 2555 1284 2622 utqui
1307 2554 1341 2606 od
1368 2556 1545 2607 detriruentuut
1566 2553 1654 2623 populi
1669 2550 1782 2606 Ronraui

138 2623 274 2692 imperator
295 2625 330 2680 ld
344 2622 398 2677 ital.
411 2624 574 2680 Decembris.
585 2626 631 2682 Sic
644 2624 753 2692 quidam
767 2623 831 2678 oliui
846 2623 927 2679 nanti
977 2623 1118 2688 spectantis
1128 2623 1283 2693 deniqueret,
1294 2623 1433 2678 usiserobili
1446 2633 1525 2677 morte
1535 2625 1637 2691 periret,
1648 2623 1680 2674 de
1688 2631 1779 2674 sonet-

138 2691 237 2762 Epicnri
258 2695 391 2750 tricesima
412 2693 474 2748 luna
489 2697 686 2761 sacrificabant,
701 2693 835 2761 feriasque
852 2694 926 2750 urani
977 2691 1034 2761 ipso
1046 2692 1074 2746 id
1089 2695 1221 2748 crustulam
1232 2696 1390 2764 accipiebat,
1408 2695 1481 2764 quusi
1493 2695 1537 2763 qui
1550 2694 1661 2748 bornam
1675 2691 1779 2744 adortos

136 2779 221 2821 mense
233 2765 439 2829 custodiebant,
449 2780 516 2833 quas
526 2766 619 2823 icadas
628 2766 772 2831 vocabant,
784 2775 812 2819 ut
824 2764 927 2822 Plinius
977 2778 1083 2834 eamque
1097 2779 1189 2832 cupere
1213 2767 1354 2834 capitanus
1377 2767 1551 2835 propinasset.
1568 2763 1682 2817 Euentus
1695 2770 1779 2814 aurun

976 2835 1149 2904 comprobarit
1162 2836 1200 2898 id,
1219 2843 1289 2904 quoa
1304 2853 1391 2890 uerum
1413 2846 1477 2890 erat.
1508 2835 1572 2890 fiseo
1584 2847 1651 2889 tero
1665 2846 1778 2902 prorsus

167 2904 267 2963 &iesu
284 2909 395 2978 signum,
406 2905 560 2967 immortale
585 2911 699 2979 signant,
721 2914 751 2962 ot
773 2906 835 2962 alibi
860 2907 927 2962 dicit
976 2917 1128 2976 congruunt
1142 2921 1203 2962 curu
1215 2907 1369 2963 truncatione
1382 2907 1526 2962 Laurentii.

136 2973 298 3044 mentius,
314 2977 404 3043 idest,
420 2981 526 3103 signum
549 2982 645 3036 criseis.
669 2978 722 3033 iste
744 2993 825 3049 porro
849 2977 924 3035 forus
1272 2975 1387 3059 ggppp
1406 3000 1488 3056 xpp,

464 3049 615 3116 ignateuirn
628 3060 654 3106 et
670 3051 768 3115 furentia,
791 3060 816 3104 et
839 3048 922 3115 dictu,

135 3131 270 3185 soceros,
301 3120 327 3174 iu
348 3120 922 3187 quarruceret.ostensaestcuustantina.
1013 3112 1112 3185 ttqsne
1129 3117 1302 3184 praeimufd
1319 3117 1483 3188 estimenta
1511 3131 1571 3183 quae
1590 3123 1706 3170 mortem
1721 3112 1776 3168 ifa-

134 3186 194 3244 fiam
204 3205 265 3245 cum
285 3204 319 3246 er
339 3192 493 3247 testimonio
505 3193 624 3256 Eusebii,
636 3194 681 3262 qui
701 3206 731 3246 se
741 3193 877 3261 accepisse
887 3194 925 3247 ait
938 3199 961 3264 c
976 3187 1060 3240 xcutii
1074 3188 1165 3241 statim
1182 3190 1324 3244 subsecuta
1353 3200 1404 3242 est.
1423 3187 1503 3258 atqui
1531 3184 1683 3241 Maxentius
1696 3185 1776 3253 periit

134 3258 218 3316 abore
228 3259 417 3328 constantini,
438 3276 545 3319 conspe,
559 3265 646 3319 unum
670 3261 702 3316 ,g
722 3263 853 3316 somnis
867 3272 924 3316 qm.
976 3269 1048 3310 atino
1062 3256 1125 3322 ali,
1140 3257 1156 3313 6
1169 3257 1298 3315 ltaleudas
1315 3259 1485 3315 Nouembris.
1517 3257 1600 3328 igitur
1617 3254 1774 3311 ὓοοειιιιιιι-

134 3342 212 3397 pasum
223 3331 250 3386 iu
264 3333 342 3387 coefo
356 3332 430 3388 lauris
443 3335 608 3396 trieridiauis,
620 3332 712 3388 sofeiu
721 3347 847 3387 oceasum
862 3348 923 3386 uer·
975 3339 1027 3379 uus
1039 3326 1219 3384 Mediolanum
1235 3329 1374 3402 profectus
1389 3341 1430 3386 est
1444 3344 1478 3383 eo
1492 3344 1563 3383 atino
1584 3336 1712 3385 exeunte.
1727 3336 1774 3380 aut

40 3407 41 3414 ’
133 3410 216 3468 gente,
239 3412 267 3458 et
300 3403 467 3460 addubitanti
494 3405 620 3473 quidnam
644 3403 696 3457 buc
718 3410 853 3472 spectrum
872 3404 923 3458 sibi
974 3396 1025 3451 ⁸⁰1)
1044 3397 1148 3453 1111111111
1174 3402 1423 3470 8111181115111011
1443 3400 1528 3465 'billi
1548 3397 1641 3453 01111οι
1667 3395 1774 3464 Quibit)

133 3470 216 3537 rellet,
233 3481 319 3528 tracte
331 3477 453 3543 sequenti
474 3475 610 3529 Claristum
625 3473 672 3529 bei
684 3473 827 3528 dormienti
839 3488 923 3543 appa·
973 3463 1104 3523 Nazarins
1119 3469 1146 3522 in
1161 3471 1324 3542 panegyrico
1347 3486 1428 3541 quem
1447 3469 1625 3524 Constantino
1637 3466 1717 3532 dixit,
1733 3468 1774 3522 sic

131 3542 212 3597 rasse
223 3558 293 3599 mm
306 3543 384 3613 siguo
398 3546 454 3609 oto,
468 3545 539 3616 quot
552 3547 577 3599 iu
591 3546 661 3601 costo
674 3555 813 3598 assensum
824 3543 922 3608 tuerat,
973 3535 1008 3591 os
1019 3553 1105 3604 mora,
1120 3554 1201 3609 auam
1217 3542 1264 3596 tna
1279 3540 1373 3596 ustae
1388 3541 1479 3604 traxit.
1503 3539 1632 3609 loquitur,
1648 3545 1678 3590 ur
1694 3537 1775 3602 prosis

131 3616 346 3686 precepisseque
358 3622 387 3669 ut
399 3614 507 3670 militari
519 3617 636 3686 signoad
649 3613 852 3670 similitudinem
864 3615 923 3682 eius
973 3618 1090 3673 constet,
1105 3624 1167 3665 eura
1180 3612 1236 3666 illic
1252 3613 1334 3666 fuisse
1350 3627 1399 3682 per
1423 3611 1491 3664 duos
1503 3622 1622 3689 meuses.
1631 3605 1773 3688 'Quidquid

132 3684 195 3751 quod
211 3686 237 3739 in
250 3684 458 3751 coelouidisset,
468 3687 606 3752 fabricatu,
619 3702 652 3742 ee
663 3695 798 3754 tamqrtam
812 3684 922 3741 salutari
973 3679 1046 3741 mali,
1060 3678 1158 3750 iuquit,
1173 3683 1358 3736 aemulatam
1373 3680 1513 3735 dominatio
1527 3680 1617 3751 feratu
1627 3676 1769 3747 supremos,

132 3754 251 3822 presidio
278 3757 305 3810 iu
331 3756 430 3824 praeliis
444 3766 573 3822 uteretur,
595 3767 698 3812 certum
713 3767 765 3821 est,
781 3766 923 3826 utramque
974 3749 1100 3804 bimestris
1110 3754 1163 3821 [ere
1175 3769 1237 3806 eura
1250 3754 1357 3807 sanant.
1373 3751 1518 3806 Probabile
1530 3757 1621 3804 autern
1644 3762 1699 3802 nou
1718 3758 1770 3813 est,

132 3824 260 3881 udonem
283 3840 341 3882 uno
364 3829 390 3881 in
412 3828 471 3883 Ιοοο
483 3837 511 3883 et
537 3829 606 3882 iutra
620 3830 734 3897 spatium
751 3825 855 3895 aliquot
879 3834 923 3880 ιιο
972 3836 1034 3876 eum
1049 3823 1094 3890 qui
1110 3824 1150 3878 sie
1175 3825 1315 3895 prosimus
1329 3833 1387 3878 erat
1400 3821 1523 3877 kalendis
1536 3818 1684 3884 farinariis,
1712 3817 1768 3872 flu-

132 3906 214 3951 tarom
228 3898 391 3968 contigisse.
402 3897 479 3967 Quod
489 3899 512 3954 si
523 3900 558 3953 ita
567 3906 619 3964 est,
631 3907 660 3953 ut
670 3909 743 3954 certe
755 3907 810 3958 est,
824 3895 924 3955 liabent
974 3907 1045 3945 rnatu
1061 3892 1203 3963 reliquisse
1221 3895 1275 3948 illis
1293 3894 1526 3966 impendentibus,
1546 3902 1577 3948 ut
1594 3890 1658 3946 alibi
1682 3891 1771 3958 potius

131 3964 175 4020 riri
189 3968 262 4024 docti
278 3969 352 4023 unde
363 3969 444 4025 linem
455 3970 561 4025 taudem
574 3972 711 4037 imponant
721 3968 803 4023 nobili
814 3979 923 4022 caustro·
971 3978 1053 4033 qnam
1069 3962 1173 4031 Roman,
1189 3966 1349 4034 procederet
1360 3964 1468 4022 consul.
1478 3964 1613 4018 Praeterea
1640 3969 1716 4017 extat
1743 3962 1770 4016 in

131 4038 220 4093 resta
233 4040 269 4095 de
284 4040 357 4096 foca.
371 4041 414 4095 ribi
427 4042 531 4110 signum
544 4040 632 4096 crinis
645 4051 783 4095 ostensum
796 4048 837 4094 est
849 4039 921 4093 Corr—
971 4035 1067 4088 codice
1079 4034 1224 4092 iustiniani
1238 4037 1304 4106 irup.
1321 4038 1368 4093 tib.
1381 4053 1421 4102 ιιι,
1437 4037 1479 4090 tit.
1493 4036 1540 4094 57.
1551 4037 1596 4089 fex
1607 4049 1623 4088 a
1635 4032 1770 4090 Constan-

130 4109 255 4174 stantiae,
266 4119 296 4164 et
310 4112 383 4165 unde
398 4111 464 4166 tides
479 4111 631 4165 adstruatur
643 4112 744 4166 auctori
759 4112 819 4164 uitus
835 4111 921 4165 sartcti
971 4104 1028 4158 tino
1039 4105 1101 4161 data
1116 4107 1211 4162 Romae
1234 4109 1268 4164 lii
1290 4107 1401 4164 kalend.
1426 4106 1504 4162 Febr.
1534 4107 1593 4174 ipsu
1617 4114 1646 4159 et
1665 4102 1769 4159 Licinio

130 4176 237 4234 amaon
248 4195 285 4236 ex
301 4180 498 4251 duceAEgypti,
513 4184 589 4251 errjrn
601 4182 787 4236 alletoritatem
809 4181 848 4234 uir
858 4195 921 4235 eru-
972 4177 1080 4231 tertium
1106 4179 1274 4244 causalibus,
1301 4180 1326 4233 id
1352 4187 1405 4241 est,
1431 4193 1526 4233 merae
1548 4174 1694 4238 ianuario,
1723 4176 1770 4243 qui

130 4247 276 4304 ditissimus
290 4251 389 4306 Petrus
399 4251 555 4307 franciscus
565 4251 716 4307 chiffletius
726 4251 884 4306 circuitione
895 4264 922 4305 et
971 4249 1110 4314 proximus
1136 4248 1185 4304 fuit
1210 4259 1270 4316 post
1290 4251 1438 4312 extinctum
1467 4246 1641 4308 bluxerrtium,
1666 4260 1699 4299 es
1714 4260 1768 4313 qua

128 4318 245 4376 animem
258 4322 395 4390 infregere
410 4332 436 4378 et
451 4328 556 4378 elevare
576 4335 689 4378 corisuns
714 4333 766 4377 est.
782 4322 843 4376 liare
859 4331 922 4377 sunt
970 4318 1060 4387 colligi
1075 4333 1156 4388 posse
1170 4321 1285 4385 uidetur,
1300 4320 1507 4375 corastautiuum
1520 4318 1602 4371 fluum
1616 4316 1766 4386 digressum

128 4389 206 4443 rerba
219 4395 335 4448 artemii
349 4395 505 4447 memoriam
516 4395 684 4448 Constantini
696 4392 865 4449 defendentis
876 4409 922 4447 ao·
971 4402 1025 4441 non
1039 4402 1101 4444 esse
1114 4397 1175 4445 orate
1186 4390 1270 4450 diem.
1286 4390 1393 4459 quales
1408 4388 1454 4442 illa
1473 4388 1534 4442 data
1557 4386 1665 4442 dicitur.
1690 4385 1767 4452 Quod

128 4461 300 4517 tamfufiauo
317 4465 495 4532 imperatore:
510 4464 550 4517 Ad
562 4463 691 4519 Cbristuns
705 4473 788 4517 entem
805 4464 918 4516 declino·
970 4458 992 4512 si
1012 4458 1047 4511 ita
1062 4470 1115 4524 est,
1129 4461 1169 4515 sic
1185 4459 1341 4530 accipienda
1356 4459 1481 4514 uidentur
1503 4457 1584 4512 rerba
1606 4455 1721 4519 florarii,
1739 4468 1768 4512 ut

127 4533 160 4582 sit
173 4537 204 4586 ab
218 4534 267 4586 iilo
280 4545 396 4598 vocotus,
410 4535 512 4603 qnando
523 4534 705 4605 difficillimum
717 4535 842 4587 corrrnrisit
854 4549 921 4602 prae-
932 4572 959 4631 Β
972 4528 1018 4583 itta
1032 4528 1170 4586 bimestris
1183 4535 1235 4603 fere
1257 4545 1333 4595 cura,
1358 4544 1438 4601 qtram
1466 4527 1662 4598 componendis
1686 4528 1768 4582 rebus

127 4600 187 4654 littra
199 4605 325 4658 domus
334 4604 502 4658 ilusmtisun.
518 4605 588 4659 Tarne
600 4607 668 4659 enirn
680 4607 702 4659 ei
716 4607 742 4659 in
755 4606 860 4658 rrtert‘die
873 4623 921 4675 op·
973 4599 1085 4653 urbanis
1099 4601 1305 4657 Corrstantinum
1326 4601 1491 4667 impendisse
1514 4601 1605 4664 tradit,
1630 4612 1664 4653 eo
1688 4600 1768 4655 rnodo

127 4674 210 4737 parsit
220 4674 326 4745 siguum
345 4677 427 4729 crucia
440 4678 521 4730 radiis
535 4677 597 4730 solis
610 4676 780 4738 sariendidius,
794 4684 818 4728 et
831 4674 921 4731 litteris

127 4745 208 4799 weit
221 4745 284 4799 betti
295 4747 443 4816 significuus
459 4749 599 4801 uictoriunt.
613 4745 684 4801 tinus
698 4763 743 4800 nos
762 4761 860 4815 quoque
871 4748 922 4816 ipsi

127 4813 225 4881 simunt
240 4817 417 4886 adspeximus,
434 4834 491 4870 rnnr
502 4818 567 4871 bullo
580 4819 765 4880 forteressemus,
782 4823 806 4870 ct
825 4817 922 4872 litteras

127 4882 243 4954 Ιεςὶοιιιι.
256 4886 404 4942 Curtaetians
412 4890 617 4959 totusqaoqueid
624 4889 923 4950 estcouteorplotasener·

127 4955 201 5022 cittrs,
213 4967 238 5011 et
249 4959 324 5012 nraltt'
334 4960 410 5030 liujus
423 4961 461 5011 rei
472 4969 546 5013 testes
556 4971 613 5012 surtt
626 4963 651 5012 iu
659 4971 702 5013 tuo
710 4959 830 5013 caermtn.
846 4959 922 5030 Apud

126 5023 233 5082 Suriutn
248 5029 294 5083 die
305 5030 342 5083 20
354 5031 454 5085 mertsis
467 5031 601 5084 Octobris.
617 5030 714 5085 illrum
723 5044 788 5084 vero
802 5029 922 5086 fortassis

126 5097 231 5152 cuidam
248 5100 384 5155 videbitur
397 5101 467 5169 qnod
479 5101 539 5155 heic
553 5102 590 5155 ait
604 5101 750 5165 Artemius,
764 5101 862 5154 inultos
875 5102 923 5156 bu·

124 5165 167 5236 lus
180 5168 220 5223 rei
238 5179 323 5225 testes
334 5182 389 5224 tum
411 5169 493 5225 luisse
522 5175 546 5224 iu
563 5174 681 5228 exercitu
694 5171 791 5226 tottant
805 5173 922 5239 irupera·

126 5238 203 5293 toris.
215 5237 284 5293 Naar
293 5241 317 5295 si
328 5241 543 5314 istailiceltautur
551 5243 725 5297 attuolilrristi
734 5241 788 5299 ili
796 5255 921 5308 exeunte,

125 5307 291 5389 dduseraut
303 5312 367 5366 anni
392 5313 583 5383 qoirrquaginta
604 5330 619 5367 a
644 5325 730 5367 morte
745 5313 880 5376 liaxemii.
895 5323 923 5370 et

126 5377 236 5436 difficile
251 5390 293 5435 est
305 5382 404 5436 multos
415 5383 513 5438 milites
523 5384 688 5451 superfuisse
700 5398 735 5438 ex
745 5397 778 5437 eo
791 5386 921 5451 exercitu,

126 5450 171 5510 otti
186 5461 243 5504 tom
255 5452 383 5506 aduersus
395 5467 457 5506 eum
472 5463 633 5523 pugnarunt.
649 5452 748 5508 i'erum
772 5454 798 5509 id
825 5455 921 5509 urirttm

125 5523 393 5589 nequaquamuideri
407 5517 579 5588 delret.,Nam
603 5526 629 5580 in
648 5523 755 5594 dialogo
781 5523 815 5579 de
841 5526 923 5582 claris

125 5586 298 5655 Oratoribus,
319 5593 396 5663 cujus
416 5603 552 5649 auctorem
567 5609 627 5651 esse
639 5594 830 5661 Quintilianum
843 5598 923 5664 pleri·

125 5673 178 5729 que
188 5663 509 5726 eenmacatitfsciuua.
525 5665 809 5735 quidatuSuetunium.
826 5667 852 5720 in
865 5667 923 5720 dia·

124 5727 199 5852 &a
216 5733 244 5785 iu
268 5748 337 5800 uana,
352 5735 409 5800 illo,
423 5735 468 5805 qui
479 5737 596 5804 scriptus
608 5745 650 5792 est
663 5751 734 5792 auno
748 5745 825 5791 sexto
846 5737 922 5806 prin·

154 5811 234 5870 patos
282 5806 423 5875 aspasiani,
450 5815 564 5862 testatur
587 5807 681 5863 auctor
716 5807 815 5864 vidisse
844 5822 875 5863 se
895 5807 923 5869 ia

973 4669 1147 4740 intelligatur,
1163 4688 1218 4743 qua
1232 4682 1342 4727 satiatus
1354 4670 1518 4743 Augustinus
1538 4671 1565 4725 in
1583 4669 1698 4724 filtraad
1715 4670 1769 4723 ilo·

975 4741 1089 4796 uatistas
1104 4753 1163 4812 qurst
1172 4745 1344 4798 collationem
1357 4758 1416 4809 cap.
1433 4743 1478 4804 53,
1492 4745 1539 4811 ait,
1554 4740 1690 4796 AEliarruur
1707 4755 1770 4808 pro-

974 4813 1113 4866 consulem
1128 4823 1237 4869 causasti
1251 4813 1348 4869 Felicis
1358 4813 1477 4882 episcopi
1492 4811 1665 4881 Aptuugitaui
1691 4813 1771 4866 audi-

975 4882 1047 4938 risse
1060 4882 1094 4939 15
1105 4884 1234 4941 kalendas
1249 4885 1367 4950 Martias,
1380 4893 1437 4955 post
1450 4900 1547 4938 merses
1557 4883 1637 4950 [eroso
1648 4893 1767 4948 quatuor,

975 4969 1056 5023 quam
1069 4955 1257 5012 Cueilinnusa
1277 4956 1424 5011 ilelcbiade
1446 4954 1691 5024 fueratjudieatus:
1707 4967 1768 5007 carm

976 5034 1092 5083 tamena
1106 5028 1150 5082 die
1162 5028 1180 5083 6
1191 5043 1276 5081 nonas
1290 5026 1423 5091 Octobris,
1443 5040 1497 5097 quo
1511 5025 1556 5079 ille
1569 5023 1704 5088 judicatus
1716 5033 1768 5089 est,

974 5098 1112 5167 usquead
1138 5099 1172 5154 15
1185 5097 1314 5152 kalendas
1338 5096 1457 5161 biartias,
1486 5110 1539 5164 quo
1565 5108 1646 5148 causa
1671 5092 1769 5148 Felicis

973 5169 1066 5224 audita
1087 5179 1139 5234 est,
1160 5168 1362 5224 intercesserint
1376 5181 1484 5222 meuses
1504 5174 1620 5234 quatuor
1644 5179 1706 5220 cour
1729 5164 1771 5219 di·

974 5237 1067 5293 midio.
1085 5240 1185 5295 Eadem
1201 5241 1306 5294 ratione
1320 5248 1430 5293 sanctus
1444 5238 1500 5293 Lea
1513 5251 1582 5362 papa
1606 5235 1633 5289 in
1656 5234 1768 5303 epistula

973 5306 1537 5382 quinquagesirnasecttudaadflasconium
1571 5306 1771 5362 relatensemct

972 5391 1089 5436 eeteros
1099 5381 1245 5438 Galliarum
1269 5379 1411 5450 episcopos
1425 5378 1546 5435 scribens
1567 5378 1616 5442 ait,
1636 5376 1769 5448 synodum

972 5450 1223 5508 Clrafcedunensem
1236 5452 1391 5507 constitisse
1402 5465 1437 5508 ex
1451 5448 1586 5506 sescentis
1599 5451 1651 5519 [ere
1665 5446 1771 5514 episeo-

974 5525 1027 5592 pis,
1043 5525 1086 5579 cui
1102 5522 1257 5578 interfuisse
1271 5520 1325 5577 630
1337 5522 1482 5592 episcopos
1503 5531 1631 5575 cortstans
1653 5526 1697 5598 est
1710 5531 1769 5569 oru-

973 5595 1049 5647 nium
1075 5595 1160 5650 ferme
1189 5593 1352 5663 scriptorum
1380 5593 1525 5648 sententia.
1555 5593 1676 5646 necessat
1704 5599 1770 5666 ergo

974 5662 1154 5721 llediaiauum
1169 5664 1361 5721 Corsstautiuus
1374 5665 1425 5719 sub
1439 5664 1519 5719 finem
1531 5659 1630 5717 mensis
1637 5655 1769 5710 lanuaru.

974 5735 1014 5791 Eo
1025 5751 1090 5792 veru
1102 5738 1268 5793 resitetiam
1281 5734 1411 5801 Licinius,
1428 5748 1539 5789 osorem
1554 5730 1683 5786 docturus
1698 5723 1771 5780 Gors-

973 5804 1102 5864 stautiam
1114 5806 1284 5865 Constantini
1297 5821 1429 5863 sororem.
1452 5803 1553 5858 Eadem
1575 5806 1770 5854 conmemorat
