4142 6184
318 304 373 364 92¹1
1022 301 1067 358 LE
1085 302 1238 359 Notiltitl.
1893 312 1941 374 mg

320 423 397 496 cujus
410 420 434 478 ri
449 418 481 475 de
492 419 584 476 ntemir
598 424 730 474 suornm
743 416 856 473 dintolut
869 426 916 473 est.
929 414 1121 474 Constantinus
1134 425 1160 488 Α
1173 416 1287 473 mortale
1311 416 1423 475 laceret.
1443 435 1453 472 ι
1471 417 1525 476 sco
1548 418 1713 478 contendunt
1732 423 1834 495 quidem
1859 427 1910 487 inse
1926 448 1940 491 ι

323 514 473 590 (Gonnum.
485 512 577 586 ilaqn.
590 510 666 568 Orat.
675 510 710 566 ad
720 510 812 570 Sanct.
825 509 903 579 (let,
914 526 973 579 cop.
985 508 1044 585 ιι)
1057 524 1124 567 sero
1175 508 1263 567 Plinio
1281 508 1372 579 dicta,
1385 520 1414 568 et
1435 523 1561 583 perorata
1577 512 1675 580 luisse,
1689 517 1808 587 quoniam
1828 519 1941 593 irritans

320 607 433 679 liagnos
446 604 608 662 testillcator
619 603 695 659 illum
718 611 780 675 post
792 611 913 659 crusntae
927 601 1125 673 persecutionis
1174 609 1230 659 tres
1242 616 1350 660 menses
1365 617 1427 659 cum
1440 603 1529 662 Nerva
1549 605 1697 677 imperavit.
1719 607 1813 667 Contra
1827 629 1885 672 rero
1905 618 1942 677 alii

320 699 593 766 sevitiamsuamm
612 696 747 753 sententia
773 694 947 762 damnatum,
964 691 1126 755 διὰτιιτὴι
1175 701 1273 766 urgent
1296 694 1424 752 eumdem
1448 695 1565 753 Plinium
1587 697 1679 754 Tacito
1715 701 1848 772 scripsisse
1870 710 1942 768 seris

320 792 467 870 ἀφροσύνης
480 788 587 863 didici,
600 787 631 841 οι
645 786 754 842 insanin
776 786 883 852 uitium,
906 792 935 841 et
947 784 993 840 viii
1008 783 1124 858 quodam
1174 785 1271 843 eodem
1281 786 1368 843 Nersa
1380 829 1389 855 ,
1402 788 1447 861 qni
1454 791 1513 861 jam
1524 791 1638 863 privatur
1651 801 1721 857 erat,
1734 793 1793 850 ideo
1805 795 1941 872 laudatum,

319 885 459 943 domicilio
469 884 617 951 inclusum,
633 883 766 940 scelerum
777 894 889 937 suorum
899 880 1007 938 dedisse
1018 896 1123 954 paenas.
1175 879 1248 951 qnod
1262 880 1289 937 in
1303 880 1386 937 neon
1402 881 1524 938 ilessrea
1554 881 1704 941 domitiano
1727 883 1753 941 in
1768 887 1869 946 exilium
1883 894 1939 963 puisi

319 978 376 1038 ilco
389 979 506 1046 desunt,
521 978 567 1050 qui
590 977 738 1049 opinantur
760 975 886 1033 eumdem
908 974 1123 1045 Diocletianum,
1175 988 1257 1030 cansa
1270 974 1372 1046 aliquid
1387 976 1505 1048 antiquis
1518 976 1608 1034 simile
1619 976 1735 1035 lecisset.
1748 982 1782 1036 ιιι
1801 986 1941 1055 respondem

321 1075 403 1133 tacim
418 1083 507 1130 nmen
521 1073 665 1140 nominc,a
675 1069 872 1144 Cirrysostomo
881 1070 1017 1143 designari
1030 1070 1127 1143 (corg-
1176 1067 1222 1124 aiii
1235 1066 1304 1124 imno
1318 1068 1427 1139 quidem
1441 1070 1614 1142 epistolatus
1632 1070 1719 1129 Plinio
1737 1074 1876 1148 scriptam,
1894 1094 1941 1139 cnm

321 1177 397 1234 torn,
412 1166 459 1223 lii.
482 1174 565 1222 contr.
589 1163 665 1221 Geni.
688 1173 713 1219 ct
733 1162 908 1237 dessign),
937 1163 983 1219 ubi
997 1162 1032 1220 de
1046 1163 1127 1220 uariis
1176 1162 1309 1237 Traianus
1324 1181 1419 1224 resera
1439 1166 1609 1239 imperabat,
1634 1168 1681 1226 sed
1697 1185 1757 1225 eom
1779 1171 1845 1242 loqui
1863 1173 1942 1234 delas

322 1268 499 1333 tyrannorum
521 1256 664 1329 suppliciis
686 1255 863 1323 disserendo,
894 1255 992 1313 litteris
1016 1255 1128 1313 tradidit
1178 1254 1261 1312 lisinii
1280 1256 1377 1314 ilessae
1401 1273 1500 1327 orosa,
1528 1273 1590 1330 qure
1617 1261 1693 1331 prius
1718 1268 1777 1317 acta
1799 1259 1943 1326 iuerrtanm

322 1368 405 1409 unum
414 1366 448 1409 ex
462 1351 495 1409 iis
505 1361 643 1408 mortuum
656 1363 717 1406 esse
726 1350 837 1423 μαιιιτιι
847 1347 882 1404 od
894 1347 1023 1404 insaniam
1035 1347 1128 1404 redae
1176 1348 1278 1406 Christi
1290 1350 1336 1418 93,
1347 1366 1403 1422 quo
1425 1351 1595 1408 ilornitianus
1623 1361 1683 1410 erat
1707 1353 1855 1427 imperator,
1874 1356 1942 1418 liena

323 1455 388 1502 mm,
1177 1455 1246 1497 ῙΘΙὌ
1260 1443 1386 1513 prt'ttttltu.

357 1538 394 1593 m
408 1535 605 1605 Diocletianus,
622 1545 652 1592 ut
665 1534 762 1592 mortis
785 1548 842 1590 susc
863 1532 1048 1606 suspicionem
1075 1533 1127 1591 tol·
1213 1531 1299 1589 Porro
1311 1542 1402 1590 autem
1415 1543 1545 1606 qnantum
1559 1534 1677 1591 olsscura
1696 1534 1781 1592 rideri
1794 1539 1943 1609 possuutili-

322 1630 411 1698 leret,
424 1629 542 1701 prodivit
555 1630 584 1688 io
614 1627 771 1700 publicam,
788 1625 906 1683 lateranis
929 1626 1032 1694 martii,
1054 1641 1126 1683 anno
1176 1623 1215 1681 nii
1226 1624 1352 1697 ,itantum
1366 1635 1458 1697 aperta
1469 1636 1498 1684 et
1510 1626 1583 1683 clara
1595 1637 1660 1683 sunt
1673 1626 1731 1684 lraec
1742 1627 1839 1686 Aurelii
1848 1628 1944 1691 lictoris

322 1725 449 1783 uidelicet
471 1722 535 1782 305.
552 1722 607 1781 Sed
633 1725 697 1795 quia
722 1730 779 1779 toto
802 1720 860 1780 lere
878 1735 951 1777 anno
966 1719 1126 1793 egritudine
1176 1716 1281 1773 rerba:
1301 1736 1311 1771 ι
1328 1716 1397 1774 Cum
1404 1716 1492 1776 ilorta
1502 1729 1623 1777 extrema
1637 1730 1719 1777 aetate
1739 1721 1871 1793 imperium
1888 1724 1944 1782 trd-

322 1818 519 1887 contabuerat,
534 1818 579 1874 rix
594 1832 609 1875 a
625 1829 761 1890 quoquam
771 1815 881 1889 agnosci
893 1815 992 1889 potuit.
1136 1827 1160 1890 B
1175 1811 1228 1869 trio
1240 1809 1375 1884 legionum
1396 1813 1530 1885 cepisset,
1545 1815 1591 1872 nbi
1606 1816 1766 1888 prospexit,
1779 1816 1830 1874 nisi
1849 1833 1864 1875 a
1881 1835 1944 1893 sopr-

1174 1904 1293 1963 riorihos
1303 1905 1556 1980 robustioribusque
1565 1922 1685 1981 corpore
1698 1908 1891 1983 animoquegeri
1901 1927 1944 1972 oon

617 1967 764 2009 inrrcocns
776 1966 834 2008 ιιιι.
1582 2004 1588 2017 .
1846 2007 1851 2018 .
1895 2007 1901 2018 .

1175 2013 1273 2071 posse,
1290 2016 1384 2060 mense
1396 2012 1516 2060 sestoac
1529 2003 1636 2061 decimo
1650 2013 1740 2061 semet
1753 2018 1786 2062 eo
1797 2004 1919 2064 aldrcsnt
1933 2027 1942 2063 ι

322 2063 364 2122 lie
377 2066 524 2138 colloquio,
538 2082 589 2139 quo
612 2063 732 2122 Galerius
757 2062 946 2120 Diocletianum
964 2062 1123 2135 imperiose·
1174 2090 1185 2164 g
1199 2092 1291 2150 Awg-
1320 2091 1386 2151 pm·
1408 2094 1440 2151 de
1454 2092 1551 2153 cm·
1565 2097 1608 2152 m·
1630 2097 1666 2153 de
1683 2095 1794 2172 Nm)
1808 2099 1878 2170 Atqui
1896 2099 1944 2158 inde

360 2162 536 2235 derecoeqi15
550 2171 636 2217 utrum
650 2171 717 2217 recte
729 2159 769 2215 lili
790 2159 952 2231 proposuerit
968 2156 1064 2214 ilerum
1076 2158 1124 2213 im·
1174 2188 1266 2261 colligi
1279 2196 1370 2261 ΡΜ
1395 2198 1443 2246 aug
1455 2205 1580 2263 smum
1594 2207 1756 2256 rumorem,
1781 2201 1825 2249 quq
1841 2192 1945 2265 quisdam

359 2256 484 2329 peratorir
497 2253 664 2325 cmnrpiom5
676 2261 772 2325 quanta
781 2252 808 2307 in
818 2254 866 2307 lroc
874 2250 1001 2322 colloquio
1010 2251 1124 2356 imolen·
1173 2282 1322 2341 ,redidisse
1347 2283 1481 2354 Nervam,
1499 2285 1643 2357 morulam
1670 2286 1835 2357 proximum,
1854 2288 1945 2344 m

359 2349 396 2404 tio
415 2346 513 2404 Galerii
525 2356 550 2403 et
566 2345 720 2403 diocletiani
734 2344 1123 2413 rimidms3mrerrecmtim
1174 2376 1309 2447 imperio.
1337 2376 1475 2449 ,nanque
1501 2378 1690 2449 anquamfflu,
1725 2379 1786 2435 1303,
1816 2377 1945 2436 gmina

359 2438 989 2514 annotConstantinumilisuimproermtem,
1005 2455 1035 2494 oc
1055 2435 1122 2494 Dio·
1174 2475 1318 2539 tempore,
1336 2477 1366 2526 m
1389 2466 1564 2528 ommim
1589 2469 1692 2542 auique
1718 2478 1854 2542 mmmm,
1876 2472 1945 2544 pm

359 2531 828 2606 rlctianumaGalerioimpuimmet
840 2539 956 2588 cocetum
969 2547 1024 2588 rere
1046 2529 1122 2586 aidi·
1174 2569 1229 2618 ,am
1244 2562 1334 2633 egisse
1356 2561 1449 2638 (mom
1464 2562 1561 2637 m).

358 2631 456 2687 “iiim
468 2631 587 2704 ¹intimi·
1209 2651 1334 2710 Galerius
1358 2668 1424 2725 ergo
1445 2654 1588 2726 impotenti
1608 2654 1765 2728 imperandi
1785 2656 1897 2729 cupidine
1915 2657 1946 2713 in-

357 2744 417 2816 lipo
432 2743 524 2804 multis
539 2755 601 2818 post
615 2753 778 2803 memoratos
798 2744 887 2803 martii
914 2744 1045 2805 kalendas
1066 2745 1125 2805 die·
1173 2743 1345 2813 flammatus,
1361 2746 1396 2803 ad
1424 2763 1518 2804 sencm
1545 2747 1624 2805 valde
1645 2756 1820 2821 aegrotantem
1836 2749 1946 2821 decipies

321 2831 379 2896 dus
384 2837 584 2905 ,Masinrianus
606 2837 730 2896 Galerius
755 2837 790 2895 ad
814 2838 1008 2896 diocletianum
1021 2840 1124 2912 gratis·
1174 2836 1237 2893 dum
1248 2837 1317 2894 satis
1332 2838 1945 2913 sibiessepctarit,siilludNemaeexcnpluru
2004 2891 2005 2896 ,

321 2931 391 2986 sime
411 2939 588 3002 aegrotantem
602 2928 744 2987 advolarit
754 2947 762 2998 ;
773 2941 808 2986 ot
832 2945 894 2987 eum
911 2929 946 2987 ad
970 2930 1123 2988 cedendum
1174 2928 1213 2985 ilii
1229 2940 1403 3001 proponeret.
1418 2929 1490 2988 Fieri
1505 2941 1596 2990 autem
1610 2931 1693 2992 iacile
1707 2935 1809 3007 potuit,
1822 2945 1849 2991 ut
1862 2933 1945 2990 diocle·

322 3023 436 3094 imperio
461 3023 650 3094 compelleret.
672 3022 790 3081 cecilius
810 3038 876 3080 vcro
899 3023 1025 3096 quumvis
1047 3038 1123 3080 sum·
1175 3022 1264 3078 tiaous
1279 3039 1310 3079 re
1325 3024 1456 3081 nonsatis
1468 3035 1595 3083 accurate
1608 3026 1945 3100 expensa‚achleriiser·

322 3129 395 3171 mam
418 3116 580 3172 lrreritatern
594 3114 714 3191 uirique,
740 3117 777 3173 nti
792 3130 865 3189 sape
879 3116 1013 3185 diximus,
1033 3126 1123 3174 secte·
1174 3129 1257 3171 tnonc
1272 3116 1411 3184 turbatus,
1433 3117 1605 3188 responderit
1622 3118 1743 3175 Neruam
1756 3134 1813 3177 seso
1831 3117 1945 3175 addente
2003 3147 2004 3160 ι

323 3218 384 3276 tur;
399 3209 509 3281 longum
524 3209 700 3267 nilrilominus
717 3209 857 3282 utriusque
869 3211 1033 3283 colloquium
1049 3219 1123 3268 tran·
1136 3222 1160 3289 ρ
1174 3208 1310 3281 imperio,
1334 3219 1476 3283 postquam
1499 3211 1572 3268 iliius
1596 3212 1684 3270 lrana
1707 3230 1762 3271 uno
1781 3224 1873 3270 notum
1890 3227 1945 3268 anno
2003 3203 2004 3218 ¹

322 3302 715 3374 scripsit,quoiliocletianus
732 3302 917 3369 tandemsed
932 3304 1075 3375 aegerrime
1089 3304 1123 3362 ad
1174 3301 1450 3362 moderatutluisset.
1465 3302 1534 3362 ilem
1556 3306 1585 3363 in
1608 3305 1664 3364 iroc
1687 3307 1944 3380 satremipsettiode
2003 3343 2004 3350 ι

322 3395 512 3467 deponendam
539 3397 711 3468 imperatoris
737 3396 895 3470 dignitatern
934 3397 1046 3453 adactus
1070 3406 1122 3454 est.
1175 3396 1266 3454 tianus
1291 3396 1400 3454 ridetur
1432 3413 1557 3467 errasse,
1585 3400 1659 3473 quod
1700 3401 1807 3460 Galerio
1832 3400 1945 3474 respoudit
2003 3393 2004 3402 ’

322 3487 448 3548 Galerius
470 3490 562 3562 itaque
575 3490 604 3547 id
627 3490 744 3563 primum
766 3490 806 3547 illi
818 3530 826 3560 ,
850 3491 888 3546 uti
914 3501 1008 3547 narrat
1029 3501 1124 3548 auctor
1173 3485 1289 3544 Neruam
1306 3504 1360 3545 uno
1373 3488 1517 3547 dumtaxat
1531 3506 1604 3550 arroo
1625 3507 1778 3567 regnasse,
1791 3494 1943 3567 queniam·
2003 3477 2004 3504 ¹

320 3591 425 3652 noster,
445 3582 564 3641 molliter
589 3594 619 3643 et
645 3585 733 3642 amico
760 3584 926 3657 persuadere
957 3598 1122 3658 aggressos,
1173 3580 1226 3637 lius
1241 3580 1343 3649 Victor,
1356 3596 1420 3639 mox
1433 3582 1578 3649 laudatus,
1593 3599 1643 3641 sex
1656 3587 1779 3659 insuper,
1792 3585 1944 3643 celsicutalii

321 3677 422 3753 objecit
444 3678 613 3736 senescentis
637 3676 725 3736 artatis
745 3687 774 3736 et
791 3680 915 3751 corporis
931 3678 1029 3734 morio
1054 3663 1124 3750 pene
1174 3672 1283 3730 anobis
1296 3673 1360 3730 aliisi
1384 3675 1458 3731 citati
1477 3674 1705 3749 aiunt,quatuor
1716 3688 1842 3752 praeterea
1862 3689 1944 3734 uerso

320 3772 436 3829 conlecti
448 3773 580 3844 2intirmas
602 3772 692 3841 vires,
718 3773 928 3846 exemplumque
943 3771 1039 3829 Nervae
1052 3813 1061 3841 ,
1076 3773 1124 3844 qui
1174 3764 1323 3840 imperasse
1336 3767 1524 3824 testificantur.

322 3864 464 3934 imperium
480 3863 597 3936 Trojano
612 3863 770 3921 tradiderat.
783 3864 840 3922 Sed
864 3865 1005 3936 respondit
1018 3864 1125 3922 Diocle·
1210 3859 1277 3916 Post
1290 3859 1348 3917 lituo
1360 3857 1478 3918 Cooiiius
1491 3869 1585 3918 narrat
1598 3862 1739 3936 quomodo
1758 3873 1863 3937 uterque
1883 3858 1944 3917 daie

323 3958 411 4014 tianius
425 3955 522 4013 Nernc
536 3957 614 4014 iacile
637 3958 741 4023 luisse,
768 3965 831 4028 post
854 3971 939 4014 noum
954 3957 1124 4029 imperiian-
1174 3953 1231 4009 rins
1255 3960 1284 4010 et
1312 3952 1494 4012 Diocletianus
1526 3955 1692 4027 colloquium
1731 3972 1808 4015 snum
1837 3951 1944 4029 protendi

321 4049 457 4120 nuru,ad
473 4050 607 4123 privatam
634 4048 724 4105 redire
753 4051 859 4118 rium,
891 4049 920 4105 in
939 4064 993 4121 qua
1012 4049 1122 4122 quidem
1174 4044 1292 4116 luerint,
1319 4056 1401 4118 atque
1428 4047 1474 4104 illc
1500 4048 1640 4105 transierit
1664 4048 1700 4107 ad
1727 4046 1941 4109 corrrmimtiones.

320 4152 524 4201 consenuerat:
549 4142 601 4199 silri
621 4157 705 4210 vero,
721 4142 768 4214 qui
796 4140 898 4198 tamdm
919 4142 1122 4213 imperaverat,
1174 4139 1273 4212 quilius
1287 4140 1469 4198 diocletianus
1484 4143 1697 4214 perterrefactus
1712 4187 1721 4215 ,
1736 4146 1771 4203 ad
1785 4141 1944 4217 deponendum

319 4238 385 4296 iilud
398 4238 560 4296 necdeoens
571 4253 654 4308 esse,
678 4252 730 4294 nec
743 4237 780 4293 ob
800 4235 917 4294 conllata
941 4235 1121 4309 plurimorum
1174 4230 1318 4303 imperium
1334 4244 1435 4305 ‚atque
1446 4233 1580 4291 Seuerum
1598 4245 1627 4293 et
1641 4236 1817 4295 ilaximirmm
1830 4235 1945 4297 dmm.

321 4332 382 4389 odia
397 4334 464 4389 satis
477 4339 574 4389 tutum.
1173 4324 1275 4396 rejecto
1288 4326 1483 4398 Cortstantino,
1501 4330 1635 4386 creandos
1666 4331 1778 4388 tandem
1800 4338 1897 4388 coactus
1907 4335 1946 4383 cst

356 4423 392 4481 At
413 4424 550 4496 quomodo
564 4433 659 4493 tanta,
686 4423 812 4495 inquies,
842 4420 1010 4480 conlidentia
1025 4422 1125 4480 asserit
1172 4417 1316 4475 llarimam
1333 4434 1415 4491 porro
1434 4420 1546 4494 hujusce
1559 4424 1690 4497 colloquii
1701 4434 1806 4498 partem
1827 4425 1863 4482 sic
1883 4433 1946 4492 sape·

320 4517 438 4575 Cecilius
449 4516 599 4589 depositam
612 4517 725 4574 luissea
744 4515 833 4573 Nerva
850 4516 1023 4588 imperatoris
1034 4515 1122 4588 digni·
1173 4513 1231 4570 rius
1252 4512 1443 4583 cultissimum
1458 4526 1488 4574 ut
1509 4532 1623 4578 necesse
1644 4521 1764 4595 amplius
1786 4537 1837 4580 non
1855 4512 1946 4576 sitilltd

322 4619 404 4665 tatem
416 4610 429 4663 l
441 4609 537 4665 Nonne
557 4610 704 4680 Eutropius
717 4607 839 4682 (Eutrop.
855 4609 917 4665 ltin.
933 4607 1011 4665 Rom.
1025 4608 1071 4665 lii.
1084 4608 1123 4684 rx)
1135 4616 1164 4679 Ι)
1175 4606 1272 4665 iterum
1285 4607 1414 4666 describi.

322 4703 411 4774 palam
425 4701 544 4758 declarat
558 4701 754 4758 diocletianum
783 4701 904 4759 omnium
919 4743 928 4771 ,
954 4712 1015 4774 post
1028 4702 1124 4759 condi·
1210 4700 1264 4759 Sed
1275 4702 1400 4773 quaedam
1412 4711 1503 4761 tamen
1516 4704 1576 4763 sine
1592 4707 1683 4781 aliqua
1695 4708 1876 4767 observatione
1893 4715 1947 4762 ran

323 4805 380 4853 tum
395 4794 546 4852 Romanurn
566 4794 710 4866 imperium
722 4834 731 4864 ,
743 4809 805 4852 esse
817 4793 924 4864 solum,
940 4795 985 4867 qui
1001 4810 1035 4852 ex
1049 4805 1123 4852 tanto
1174 4794 1383 4866 praetermittere
1396 4810 1449 4852 non
1461 4811 1627 4868 possumus,
1641 4814 1673 4858 ac
1687 4799 1888 4874 primoquidem
1901 4805 1946 4850 tm

322 4888 430 4963 lastigie
452 4888 486 4945 ad
501 4892 630 4961 privatam
647 4888 729 4945 vitam
755 4888 920 4945 remeaverit
933 4887 945 4943 l
958 4886 1055 4945 Nonne
1069 4889 1124 4947 Pii·
1174 4899 1229 4947 tam
1243 4892 1270 4947 in
1291 4891 1345 4947 lroc
1359 4891 1466 4963 dialogo
1493 4893 1672 4952 animadverti
1696 4896 1861 4954 insolentiam
1873 4889 1945 4948 lerio-

322 4985 384 5041 nius
399 4980 493 5057 (Plio.
506 4980 609 5055 Paneg.
624 4980 733 5058 Trajan.
748 4980 762 5054 5
775 4980 793 5039 9
805 4989 831 5036 et
855 4979 909 5055 to)
930 4980 976 5053 qui
990 4995 1025 5038 eo
1052 4991 1121 5038 tem·
1174 4995 1283 5058 temque
1297 4986 1416 5054 Galerii,
1428 4999 1556 5060 quantem
1572 4990 1732 5048 diocletiani
1745 4989 1818 5048 senis
1830 4981 1945 5046 imbecilli
1999 5049 2000 5078 1

323 5094 389 5152 pore
415 5078 527 5145 floruit,
555 5077 674 5150 'irajano
712 5076 814 5134 idcirco
849 5075 1019 5150 gratulatur,
1047 5078 1121 5150 quod
1174 5087 1256 5136 tatem
1269 5094 1302 5136 ac
1319 5080 1500 5138 timiditatem.
1516 5081 1641 5139 Eoenim
1669 5085 1840 5157 impudentias
1859 5091 1946 5154 protei

322 5173 451 5248 quamdiu
466 5173 553 5231 Nersa
567 5173 653 5241 nisit,
670 5173 742 5229 illius
764 5172 868 5243 imperii
882 5172 917 5228 im
933 5172 1013 5230 luerit
1031 5173 1122 5230 socius
1172 5173 1209 5230 sit
1219 5171 1363 5240 Galerius;
1380 5185 1408 5228 ιιι
1421 5183 1628 5244 proterentem
1646 5176 1746 5234 dixerit
1762 5176 1817 5250 jam
1829 5176 1944 5231 motuni

322 5281 350 5325 et
361 5266 515 5339 particops;
530 5276 559 5322 ut
572 5266 623 5322 sibi
636 5265 687 5335 ipsi
702 5264 823 5336 pris-arus
836 5264 982 5322 rideretur.
1172 5280 1222 5333 sc,
1237 5265 1285 5323 sed
1313 5265 1504 5335 Diocletiano,
1524 5282 1586 5324 cum
1612 5284 1666 5340 quo
1686 5269 1853 5341 loquebatur,
1867 5265 1942 5320 incoa-

359 5359 459 5417 Vermn
473 5359 519 5415 alii
532 5360 678 5431 opinantur
691 5359 772 5415 nerim
785 5358 843 5414 lraec
855 5358 934 5415 Plinii
962 5359 1120 5431 neutiquam
1173 5359 1261 5425 suito,
1274 5359 1447 5428 sterculium,
1462 5360 1507 5432 qui
1523 5360 1653 5419 Sercrrnn
1673 5360 1807 5420 Caesarem
1828 5369 1941 5426 nuncupa·

322 5457 358 5516 de
372 5456 509 5528 imperio,
524 5455 572 5511 sed
595 5455 630 5512 de
651 5457 705 5511 uita
729 5453 826 5510 Nertae
853 5452 1040 5525 intelligenda.
1054 5453 1121 5511 iiam
1173 5463 1224 5508 rot.
1239 5451 1422 5509 diocletianas
1437 5467 1521 5522 tero,
1537 5455 1589 5511 etsi
1599 5455 1626 5512 ei
1645 5457 1779 5528 superior,
1793 5453 1818 5511 id
1829 5446 1943 5525 perimus

324 5550 425 5609 ibidem
436 5548 608 5607 continenter
619 5546 740 5619 adiecit:
758 5565 767 5599 ι
785 5544 885 5603 Audita
901 5555 964 5603 sunt
976 5555 1038 5603 rota
1051 5555 1118 5603 tuas
1172 5545 1243 5604 sime
1270 5543 1386 5613 tulisse,
1414 5559 1465 5602 nes
1487 5546 1647 5604 mussitasse
1669 5546 1779 5619 quidem
1802 5541 1940 5617 pessimiu-

325 5644 454 5702 nimirum
466 5640 596 5714 Traiani,
621 5657 631 5693 ι
650 5639 698 5697 sed
722 5640 749 5696 in
774 5645 904 5710 qnantum
918 5638 1072 5711 optimoiili
1095 5646 1125 5697 et
1174 5635 1276 5695 Verum
1292 5637 1452 5712 responderi
1475 5637 1590 5697 iorsiten
1610 5648 1699 5712 potest
1720 5639 1794 5712 prius
1817 5627 1939 5694 insciolo

325 5733 496 5791 sanctissimo
511 5731 648 5790 scniutiie
663 5729 732 5798 luit,
746 5745 825 5803 qucm
839 5729 1124 5790 diicoeiorindicate·
1174 5731 1271 5789 riuum
1283 5729 1412 5802 Galerio,
1426 5731 1543 5790 labaro
1558 5733 1649 5806 utique
1661 5747 1695 5789 ac
1706 5717 1938 5790 indeterminati
1998 5775 1999 5788 .

326 5835 387 5881 mm
401 5865 409 5894 ,
424 5839 459 5890 ιιι
472 5825 534 5898 quid
549 5831 610 5897 post
623 5821 689 5884 illud
702 5820 822 5879 ‹lirinnm
839 5822 993 5884 immortale
1002 5821 1120 5892 iactum,
1176 5820 1222 5895 ni,
1236 5823 1281 5895 qui
1293 5823 1347 5888 iam
1357 5831 1457 5891 ιοιιιιιι.
1473 5824 1553 5887 sicuti
1562 5826 1601 5887 rit
1615 5822 1749 5896 cecitas.
1762 5821 1842 5882 mian
1850 5813 1937 5876 miii*
