4142 6184
575 233 678 302 707
1961 240 2171 303 PAULI
2210 236 2467 303 nauum
2700 306 2705 312 ,
3747 243 3838 312 ¹108

578 362 791 418 videtur
820 361 1162 418 verisimilior
1200 360 1321 419 clici
1355 373 1513 432 posse
1541 374 1605 417 ex
1636 376 1701 417 eo
1722 402 1738 429 ,
1786 362 1931 435 quod
1964 362 2170 435 Striqo-
2201 370 2255 433 Α
2277 382 2374 438 que
2400 381 2454 420 sc
2485 363 2646 435 premi
2677 364 2884 420 uideret.
2914 361 3040 418 lloec
3069 359 3219 419 nihili
3251 368 3393 422 sunt.
3422 362 3584 421 Recte
3611 363 3726 421 olim
3755 368 3838 426 Ni·

579 435 741 501 ttitnn,
772 434 1061 490 Pannonia}
1102 434 1231 490 urbs
1267 433 1334 488 ad
1367 434 1661 488 Danubium
1695 435 1827 500 sita,
1870 451 1970 506 qua
2000 436 2173 491 fertur

578 520 764 561 versus
792 506 1021 561 Pontum
1052 506 1318 561 Euxinum
1346 547 1363 575 ,
1396 507 1550 575 paula
1581 506 1879 562 mutatione
1898 506 2171 576 deprava·

578 584 631 629 to
678 575 830 641 loco,
882 576 1166 647 aliqualem
1206 577 1409 633 ‘saltem
1463 576 1730 633 medelam
1781 576 2035 649 prtebeat.
2070 576 2171 634 Cui

576 646 900 717 conjecturae
931 648 1059 704 illud
1104 650 1367 719 imprimis
1394 648 1580 714 favet,
1619 648 1763 719 quod
1809 648 2187 707 Diocletianus-

576 734 680 771 non
709 729 858 775 recto
872 736 1056 786 cursu,
1083 720 1178 776 sed
1206 737 1296 790 per
1322 721 1590 774 circuitum
1611 719 1975 776 Nicomediam
2000 721 2165 777 venit.

577 790 932 847 Scribendum
963 793 1143 864 itaque
1171 792 1298 864 ripoe
1322 792 1631 863 Sti-iqouiae,
1676 792 1849 851 donec
1875 790 2018 846 aliud
2047 807 2170 848 sese

574 862 764 916 offerat
794 864 877 918 cui
932 863 1053 919 loco
1083 863 1240 918 cedat
1279 863 1397 918 brec
1426 864 1756 933 conjectura.
1798 862 2085 931 Sestinum,
2115 865 2170 919 in

573 933 704 987 edit.
734 932 909 990 Oxou.
942 950 1031 991 an.
1062 934 1502 995 1680.—Locnm
1535 934 1678 990 hunc
1707 935 1901 991 mendo
1924 935 2168 992 laborare

573 1005 926 1061 credideram.
967 1004 1087 1062 Jam
1130 1016 1307 1062 autem
1353 1006 1574 1063 meliora
1606 1006 1829 1064 edoctus
1875 1006 2006 1061 nibil
2050 1022 2168 1064 mu-

576 1076 791 1132 tandum
820 1093 1055 1145 oensem
1084 1092 1206 1135 cum
1256 1078 1434 1149 Striqa
1481 1079 1549 1133 sit
1575 1093 1676 1136 vox
1706 1079 2026 1148 gromatica,
2057 1092 2155 1133 seu

573 1148 1013 1218 Agrimensot'tun
1041 1150 1274 1221 propria,
1302 1158 1355 1205 et
1376 1151 1442 1205 ab
1462 1150 1548 1215 iis,
1563 1149 1707 1219 quod
1731 1151 1783 1205 in
1804 1148 2161 1215 latitudinem,

573 1217 783 1289 longius
816 1222 994 1286 l'uerit,
1018 1238 1279 1278 scamnum
1306 1220 1636 1291 appelletur,
1665 1220 1808 1292 quod
1838 1220 1890 1275 in
1924 1218 2160 1290 longitu-

571 1289 775 1357 dinem,
800 1294 978 1365 striqa.
1011 1292 1068 1347 In
1099 1309 1155 1348 rc
1177 1294 1319 1348 enim
1352 1292 1568 1358 rustica,
1596 1292 1891 1348 secundum
1921 1289 2162 1361 Festum,

571 1363 775 1417 sulcum
825 1364 1090 1433 signiticat
1149 1366 1238 1434 qui
1294 1379 1402 1419 uno
1454 1364 1617 1419 ductu
1667 1365 1957 1447 peragitur.
2012 1361 2160 1420 Idem

569 1434 851 1495 spatiatus.
885 1437 935 1489 in
961 1435 1099 1492 Edit.
1129 1435 1229 1491 Ox.
1256 1451 1345 1492 an.
1370 1434 1764 1508 tusc—Ripae
1788 1434 1978 1505 striqae.
2011 1432 2165 1506 Ripae

571 1506 775 1562 scilicet
803 1505 1048 1572 Danubii,
1073 1507 1141 1563 ad
1168 1523 1327 1578 qnam
1357 1507 1430 1561 ait
1455 1506 1723 1575 Galerius,
1755 1507 1902 1563 Sect.
1928 1520 2166 1576 sequen-

572 1585 653 1642 te,
698 1576 928 1633 luctasse
968 1593 1026 1636 se
1059 1595 1153 1650 per
1197 1578 1502 1650 quindecim
1547 1595 1717 1635 annos
1741 1594 1863 1635 cum
1898 1576 2161 1640 Gentibus

570 1646 832 1705 barbaris.
868 1651 943 1706 De
980 1652 1128 1707 vocis
1151 1650 1342 1723 Striqoe
1366 1667 1463 1706 usu
1486 1692 1501 1717 ,
1532 1659 1637 1706 tam
1665 1652 1964 1722 qrontatico,
1998 1662 2159 1720 qnam

568 1721 829 1787 castrensi,
864 1721 989 1778 vide
1034 1721 1357 1778 luculentam
1400 1720 1547 1778 doct.
1590 1722 1851 1778 Dodwelli
1900 1721 2162 1777 disserta·

573 1790 605 1839 J?
633 1811 801 1851 *nr-m.
854 1795 914 1843 :nt
958 1794 1155 1850 calvum
1190 1794 1320 1850 edit.
1354 1792 1455 1851 Ox.
1505 1793 1769 1849 Lactantii
1812 1794 2034 1859 editam,
2067 1807 2157 1850 an.
2191 1766 2238 1826 Β

581 1867 669 1911 1⁶:¹³
693 1867 701 1915 i
725 1911 729 1915 .
765 1867 930 1927 liuius
962 1867 1101 1931 bisul:
1128 1865 1320 1937 Sti-iqoe
1344 1866 1602 1923 memoria
1624 1863 1787 1921 bodie
1812 1873 2064 1920 constare
2085 1864 2163 1918 vi-

569 1939 721 1987 dclx-1·
757 1959 801 1987 n.
842 1943 978 2003 ,au-:55
1006 1959 1082 1987 ·.·.u
1105 1940 1342 2002 nomine,
1367 1952 1487 2007 quae
1507 1935 1633 1993 urbs
1650 1935 1715 1991 ad
1742 1935 1968 1993 Danubii
1993 1936 2164 2005 ripam

569 2031 589 2055 r„
621 2023 661 2059 [21
701 2023 797 2059 int.
842 2011 974 2059 [fidit.
1010 2008 1345 2063 vinu—Per
1368 2008 1637 2063 circuitum
1665 2007 1793 2079 ripae
1827 2008 2019 2079 striqoe.
2051 2007 2166 2064 {loc

569 2095 669 2135 vr,
705 2099 733 2147 1¹
761 2103 797 2131 -ι-
834 2083 998 2147 tipum
1038 2080 1278 2146 tuniubii,
1316 2080 1403 2149 qui
1434 2080 1687 2148 antiquus
1716 2089 1832 2135 crat
1863 2078 2070 2148 imperii
2102 2076 2166 2131 ti-

573 2171 705 2211 um„
737 2155 817 2203 uti·
858 2161 1371 2235 uss-ntpraaetmtturae
1394 2150 1733 2233 illyricianze,
1765 2150 1955 2222 Striqoe
1980 2149 2163 2216 dicta),

570 2222 796 2276 ntdocte
824 2221 1061 2277 ostendit
1085 2222 1391 2280 Dotlwellus
1423 2238 1477 2277 tn
1502 2221 1756 2293 singulari
1776 2221 2162 2282 dissertatione

567 2293 634 2346 «le
668 2294 801 2361 lupa
844 2294 1043 2364 Sirion.
1080 2293 1305 2360 metus,
1335 2293 1398 2348 ad
1432 2294 1666 2348 an.Cln·.
1690 2290 1818 2356 504,
1849 2309 1995 2348 num.
2030 2293 2164 2345 2.—

570 2364 718 2436 Ripoe
744 2368 936 2438 seriqoe.
968 2366 1136 2434 Leg0,
1168 2365 1298 2434 ripoe
1324 2362 1545 2436 Istricoe,
1570 2363 1686 2420 sive
1714 2364 1783 2419 de
1810 2362 1947 2420 lstro
1971 2363 2161 2433 fluvio,

566 2439 636 2490 six
653 2454 682 2491 e
708 2437 777 2491 dc
799 2436 950 2492 lstris
970 2437 1035 2494 ad
1063 2438 1248 2492 Sinum
1274 2435 1607 2492 Adriaticum
1637 2434 1926 2506 intelligas.
1951 2435 2165 2492 Diocle·

569 2507 742 2562 tianus
770 2509 936 2574 cuim,
968 2508 1222 2565 Ravenna
1254 2506 1619 2565 Nicomediam
1644 2507 1747 2564 iter
1771 2506 2000 2563 moliens
2021 2548 2036 2574 ,
2068 2505 2165 2564 de·

569 2579 727 2636 bebat
757 2595 946 2636 navem
972 2579 1374 2636 conscendere:
1406 2574 1646 2661 sctl,·qui
1675 2594 1817 2651 teger
1860 2588 2007 2636 esset
2037 2594 2157 2635 ma-

566 2652 683 2715 luit,
715 2662 772 2705 ut
798 2652 1154 2724 navigationis
1175 2649 1515 2710 incommoda
1539 2660 1748 2717 vitaret,
1769 2666 1863 2720 per
1878 2650 2161 2707 circuitum

565 2720 745 2778 Adriae
791 2724 1013 2792 tendere
1043 2723 1096 2779 in
1128 2723 1382 2779 Venetos.
1410 2730 1469 2779 et
1492 2721 1656 2779 Istros
1681 2762 1697 2789 ,
1750 2730 1842 2779 aut
1893 2721 1960 2777 ad
1990 2722 2161 2794 ipsam

562 2794 723 2852 ctiam
754 2794 897 2859 istri,
929 2810 1023 2852 scu
1056 2795 1285 2852 Danubii
1316 2796 1507 2865 ripam.
1541 2793 1921 2852 Bounusteus.
1953 2823 2027 2835 --
2056 2791 2164 2848 Per

564 2865 830 2920 circuitum
877 2868 1006 2939 ripa:
1034 2868 1228 2938 striqcc.
1277 2866 1427 2940 Ripa.»
1481 2865 1680 2920 Istricae
1727 2866 2004 2921 Heinsium
2034 2880 2164 2921 vere

564 2937 882 2995 emendasse
903 2954 1100 2994 censeo
1120 2980 1135 3006 ,
1170 2946 1228 2992 nt
1257 2937 1525 3005 significet
1552 2938 1697 2993 illum
1728 2952 1823 3007 per
1848 2934 2116 3008 Illyricum
2142 2976 2162 3003 ,

564 3007 913 3076 paimoniam,
956 3009 1171 3065 Daciam
1198 3051 1213 3075 ,
1262 3010 1477 3065 venisse
1511 3005 2039 3080 Constantinopolin,
2071 3006 2160 3063 in-

562 3079 758 3151 deque,
784 3082 1007 3149 trajecto
1033 3080 1332 3151 Bosphoro,
1360 3079 1749 3136 Nicomediam.
1784 3077 1919 3148 Ripa
1946 3076 2156 3145 Istrica,

2277 440 2464 494 colans
2508 436 2757 493 lleiusius
2806 445 2860 492 ct
2906 433 3144 492 Joannes
3184 434 3471 494 Columbus
3509 434 3738 494 viderunt
3768 442 3840 505 ie-

2312 508 2508 565 endum
2539 523 2699 566 esse:
2742 507 2861 577 Quo
2903 517 3172 580 utcumque
3220 524 3274 563 se
3299 506 3457 576 premi
3505 505 3701 564 videret.
3750 514 3839 569 Aut

2274 524 2416 638 forte
2451 579 2668 652 scripsit
2694 597 2707 635 ε
2737 578 2853 648 Quo
2877 594 2990 635 cum
3021 578 3243 651 undique
3280 578 3548 650 sepremi,
3583 591 3683 637 etc.
3703 579 3838 639 Gaas·

2275 667 2411 710 vius,

2347 722 2592 779 Prolatus
2605 718 2713 780 cst.
2739 721 2958 782 Scilicet
2987 721 3172 781 lectica
3206 721 3258 778 in
3288 720 3577 793 publicum.
3605 722 3830 781 Totuus.

2347 794 2394 850 U
2399 805 2415 848 ι
2442 795 2658 864 circum,
2685 804 2789 852 etc.
2816 794 3022 853 Glossae
3048 802 3262 852 veteres
3292 811 3304 846 :
3335 794 3510 849 Circus
3534 804 3582 849 et
3601 796 3837 866 circuitus,-

2270 865 2451 930 κύκλος
2464 865 2565 942 ἐνῷ
2587 866 2921 943 ἱπποδρομίαι
2937 869 3178 951 Jiuovrat.
3208 867 3416 929 ἱππικὸς
3445 865 3619 929 τόπος.
3645 867 3834 925 Eaedem

2269 939 2394 993 alibi
2417 957 2428 991 :
2450 940 2657 1001 ἱππικὸς
2686 940 2867 1007 τόπος,
2891 939 3068 994 Circus
3095 939 3367 1003 circensia
3387 937 3610 1005 ἱππικὸν,
3634 932 3834 1008 Circum,-

2270 1007 2606 1089 ἱππόδρομος,
2637 1009 2814 1067 Circus
2842 1010 3098 1074 circensis,
3132 1008 3347 1075 Circum
3378 1007 3717 1085 ἱπποδρομία,
3740 1010 3833 1066 Cir-

2269 1098 2462 1138 censes.
2511 1086 2687 1153 Atque
2725 1082 2850 1137 binc
2878 1082 2996 1137 sine
3037 1081 3201 1137 dubio
3248 1080 3300 1135 in
3332 1078 3542 1149 anglica
3578 1083 3832 1150 versione,

2270 1167 2366 1221 {tro
2393 1151 2562 1222 Circo,
2587 1153 2670 1208 tlte
2697 1153 3075 1225 Blippodrome.
3102 1149 3159 1209 ln
3185 1151 3346 1210 circis
3369 1159 3572 1218 tamen,
3591 1162 3648 1207 ut
3673 1153 3718 1209 id
3738 1154 3835 1210 obi·

2268 1232 2350 1280 ter
2379 1225 2574 1291 dicam,
2604 1240 2712 1281 non
2739 1226 2861 1297 equi
2892 1225 3090 1292 solum,
3120 1222 3215 1281 sed
3239 1223 3448 1296 pugiles
3477 1237 3681 1294 quoque
3701 1240 3835 1281 exer-

2266 1294 2546 1362 cebantur,
2579 1306 2632 1351 et
2655 1297 2759 1352 alia
2783 1297 2949 1352 multa
2975 1296 3279 1367 spectacula
3299 1292 3614 1353 edebantur.
3643 1295 3834 1356 Ovidius

2265 1365 2357 1422 lib.
2388 1383 2444 1424 tv
2475 1368 2665 1436 Trist.,
2707 1368 2861 1441 Eleg.
2897 1367 2930 1424 9
2957 1385 2972 1425 ι

2358 1481 2533 1534 Circus
2557 1484 2716 1535 adbuc
2738 1492 2917 1543 cessat,
2939 1488 3129 1550 spargit
3147 1493 3313 1537 tamen
3339 1496 3461 1536 acer
3485 1498 3680 1537 arenam

2422 1546 2614 1598 Taurus
2631 1555 2683 1598 et
2702 1548 2999 1611 insestojam
3022 1550 3153 1613 pede
3177 1548 3341 1614 pulsat
3363 1549 3585 1602 humum.

2264 1651 2407 1709 {dem
2440 1652 2533 1709 lib.
2562 1670 2640 1722 tv,
2663 1654 2844 1713 truse:

2360 1766 2587 1818 Proxima
2612 1770 2833 1821 vitricem
2857 1781 2967 1820 cnm
2989 1770 3192 1823 Romam
3219 1774 3292 1823 ins
3329 1774 3498 1827 exerit
3514 1775 3610 1827 Eos

2425 1830 2488 1880 Et
2508 1830 2708 1882 dederit
2733 1833 2918 1884 Phoebo
2939 1833 3084 1885 stella
3107 1834 3269 1895 fugata
3291 1788 3478 1901 iocum,

2362 1891 2531 1943 Circus
2553 1895 2650 1945 erit
2669 1908 2843 1960 pompa
2867 1896 3073 1946 celeber
3095 1910 3411 1963 numeroque
3426 1908 3649 1951 Deorum.

2271 1996 2339 2053 Et
2367 1999 2677 2071 Onuplu·ius
2703 2002 2992 2061 Pam-iuius
3013 2006 3081 2062 dc
3099 2006 3276 2073 Circo,
3308 2008 3458 2064 verbi
3485 2007 3669 2079 gratia,
3694 2009 3836 2065 maxi·

2267 2085 2377 2137 mc,
2408 2074 2498 2143 qui
2530 2074 2716 2128 Roma:
2740 2087 2854 2130 crat
2879 2096 2893 2134 :
2917 2096 2933 2130 ι
2959 2077 3202 2144 lucit-co,
3223 2079 3422 2151 inquit,
3445 2082 3671 2138 maximo
3691 2081 3835 2136 multa

2266 2144 2698 2211 spectaculorum
2736 2163 2934 2217 genera
2963 2147 3081 2205 steri
3120 2148 3190 2206 ab
3215 2154 3461 2225 antiquis
3489 2152 3833 2220 consuevisse,

2265 2221 2505 2270 veterum
2538 2218 2824 2272 Annalium
2855 2219 3255 2278 Cctnmentaria
3286 2222 3642 2295 perscrutanti
3677 2223 3830 2281 maui-

2267 2283 2458 2344 lestum
2489 2288 2609 2343 erit.
2645 2288 2775 2357 Quae
2805 2290 2938 2350 mibi
2977 2307 3038 2348 ca
3085 2296 3396 2350 accuratius
3424 2310 3487 2351 ex
3522 2293 3699 2350 iisdem
3732 2310 3833 2351 mo·

2266 2360 2538 2414 numentis
2564 2361 2950 2433 contemplanti
2974 2372 3029 2420 et
3057 2363 3388 2435 disquirenti
3415 2374 3536 2422 octo
3558 2380 3675 2422 sese
3698 2365 3833 2421 obtu-

2267 2426 2463 2484 lerunt.
2492 2430 2830 2505 Praecipuum
2856 2445 2910 2491 ct
2941 2435 3237 2506 proprium,
3271 2452 3469 2496 cursus
3489 2479 3503 2507 ,
3550 2438 3659 2494 sive
3680 2446 3834 2492 certa·

2268 2516 2389 2555 men
2421 2500 2618 2558 Curule
2646 2512 2700 2559 ct
2751 2504 3047 2576 Equestre;
3081 2508 3444 2579 Gymnicum,
3493 2523 3586 2565 seu
3634 2505 3834 2564 Athleti·

2266 2586 2420 2640 cum;
2467 2574 2705 2650 Pmnpa3
2762 2575 2944 2635 Ludus
2993 2576 3199 2649 Troice-3
3250 2579 3614 2652 Venationes3
3664 2578 3834 2649 Pugnae

2268 2641 2561 2714 Equestres
2591 2655 2645 2701 ct
2700 2646 3021 2718 Pedestres3
3070 2649 3441 2718 Naumacltia;
3488 2661 3541 2709 et
3583 2650 3834 2721 aliquando

2265 2713 2400 2770 Ludi
2441 2715 2670 2773 Scenici.
2709 2739 2728 2772 ι
2756 2720 2932 2789 Quare
2959 2720 3172 2789 metius,
3204 2723 3256 2776 ni
3288 2722 3478 2794 fallor,
3509 2720 3832 2782 Mancroixius

2265 2802 2453 2846 vocem
2477 2790 2612 2845 Circi
2636 2790 2688 2844 in
2716 2807 2812 2847 sua
2847 2793 3129 2849 tralatione
3152 2793 3402 2854 retinuit.

2338 2858 2485 2915 Anno
2511 2870 2624 2932 post
2646 2863 2928 2919 vicennalia
2952 2866 3166 2937 repleto.
3190 2864 3355 2926 Anno
3380 2866 3563 2939 itaque
3586 2865 3701 2932 30⁴,
3720 2870 3824 2939 9⁰⁵2

2265 2929 2570 2999 duodecim,
2603 2931 2711 2988 kal.
2747 2935 3095 3008 DecembreS,
3124 2950 3281 3007 cum,
3315 2947 3384 2993 ut
3426 2953 3584 3010 supra
3609 2937 3830 3001 vidimuS,

2266 3001 2638 3061 Diocletianus
2689 3007 2760 3062 im
2803 3006 2901 3062 erii
2953 3009 3035 3063 sui
3095 3006 3403 3066 vicennalia
3457 3024 3597 3065 anuo
3637 3008 3751 3075 505,
3776 3002 3832 3062 ad

2265 3071 2547 3130 duodecim
2590 3074 2746 3133 kalen
2791 3093 2850 3133 as
2892 3078 3219 3136 Decembres
3271 3080 3648 3139 celebraverit.
3688 3078 3759 3135 Ad
3786 3076 3831 3134 id

516 3144 525 3153 ’
564 3152 705 3207 unde
760 3150 924 3207 Dacia
972 3151 1230 3222 Ripensis.
1263 3151 1380 3206 Nou
1431 3160 1576 3207 recta
1624 3150 1772 3207 illum
1813 3149 2162 3207 contendisse
2189 3157 2234 3221 C
2267 3153 2471 3211 autem,
2517 3144 2659 3216 quod
2701 3150 2793 3205 ille
2841 3150 3070 3219 circum,
3098 3150 3166 3207 dc
3196 3166 3304 3222 quo
3356 3157 3556 3223 agitur,
3587 3166 3684 3208 non
3709 3163 3832 3205 auno

562 3222 930 3278 Nicomediam
954 3264 968 3286 ,
1002 3238 1105 3280 vox
1135 3224 1375 3279 circuitus
1403 3231 1487 3278 est
1517 3220 1716 3278 indicio
1736 3264 1751 3289 ,
1826 3219 1932 3279 uod
1961 3221 2166 3289 signifi-

560 3302 649 3348 cat
693 3290 845 3348 illum
901 3311 995 3365 per
1042 3295 1299 3363 ambages
1325 3295 1426 3349 iter
1487 3293 1735 3351 traxisse.
1840 3307 2066 3349 nfflvtus.
2092 3323 2165 3335 -

561 3363 668 3419 Pro
689 3364 889 3436 anime,
917 3364 1097 3420 malim
1123 3364 1535 3421 Istricoe.(31tt.r:.
1554 3394 1625 3405 --
1661 3364 1971 3436 Legendum
1996 3383 2009 3420 :
2036 3363 2083 3419 F
2084 3363 2162 3419 ri-

559 3435 676 3506 qioe.
708 3435 1449 3494 Vossius.--Eutendandnm
1487 3435 1633 3509 Plu-y
1672 3438 1755 3491 ioe.
1802 3435 1948 3491 Edit.
1982 3434 2158 3492 Oxou.

558 3508 684 3562 unni
716 3507 874 3571 1680,
907 3525 1027 3579 pag.
1061 3508 1163 3565 108
1187 3551 1202 3576 ,
1245 3518 1407 3580 atque
1459 3507 1587 3564 inde
1641 3522 1800 3564 orsan
1830 3507 2164 3564 clarissimus

558 3588 748 3705 ειιιοιιῧτ
777 3581 1039 3663 versionis
1061 3580 1285 3651 anglica·
1311 3597 1325 3638 ε
1354 3578 1559 3656 [lauinq
1580 3579 1868 3636 comeroud
1895 3578 1979 3635 tlte
2007 3577 2162 3634 Coast

563 3665 592 3702 o
717 3668 761 3707 n·
830 3668 902 3708 aa.

595 3653 750 3775 [Mor
787 3669 950 3794 gjam
980 3722 1121 3794 gravi
1148 3724 1456 3796 insui-yeme.
1490 3723 1632 3794 Lege
1662 3740 1675 3776 :
1706 3722 1890 3778 Morbo
1901 3722 2014 3795 jam
2034 3739 2162 3795 qra-

560 3794 668 3847 vius
693 3793 1001 3865 insurgente.
1035 3796 1175 3851 Ante
1199 3796 1343 3851 enim
1371 3795 1493 3851 levis
1518 3803 1652 3851 erat.
1683 3794 1936 3852 Tocuus.
1967 3823 2037 3835 ·-
2059 3794 2163 3850 Le·

561 3865 642 3919 vis
668 3875 803 3929 erat,
847 3864 1053 3932 sate0r3
1085 3876 1138 3921 et
1167 3867 1380 3921 videtur
1408 3867 1566 3923 etiam
1597 3866 1696 3921 viri
1729 3868 1873 3922 docti
1906 3865 2163 3922 emenda-

560 3936 636 3990 tio
662 3950 769 3992 non
834 3950 982 3992 arum
1017 3936 1219 3992 tit-mari
1244 3936 1453 3994 duobus
1486 3937 1696 4008 Virgilii
1724 3937 1859 3994 locis
1882 3978 1897 4005 ,
1929 3953 2158 4009 quorum

560 4023 695 4067 unus
725 4007 780 4064 in
823 4005 897 4061 ib.
927 4023 1002 4066 ιιι
1032 4006 1159 4064 AEn.

772 4100 863 4151 Ille
888 4113 1035 4151 nunu
1057 4107 1249 4165 raptum
1271 4098 1467 4167 trepida
1486 4099 1755 4163 torquebat
1775 4100 1824 4154 ia
1848 4097 2046 4152 bostem

774 4163 935 4215 Altior
956 4164 1242 4227 insurgens.

558 4268 711 4329 Alter
737 4286 865 4329 vero
889 4270 944 4328 ln
972 4271 1067 4341 lib,
1095 4287 1184 4328 xi:

650 4368 773 4420 'l'um
800 4367 1002 4419 validam
1026 4380 1215 4433 perque
1237 4380 1369 4417 arma
1393 4366 1516 4425 vire,
1539 4379 1729 4430 perque
1754 4375 1863 4420 ossa
1886 4364 2103 4415 securim

649 4431 802 4480 Altior
829 4431 1089 4495 insurgens
1106 4431 1262 4480 oranti
1288 4437 1341 4480 et
1362 4429 1512 4480 multa
1540 4428 1757 4495 precanti

647 4491 971 4556 Congcminat
995 4493 1186 4543 vulnus.

556 4597 661 4657 Sed
690 4598 773 4655 vel
802 4596 873 4654 ob
902 4598 1042 4654 bunc
1069 4598 1287 4654 tertium
1317 4596 1562 4669 ejusdcm
1596 4596 1758 4665 libri:

648 4711 854 4763 Saucius
878 4714 928 4759 at
951 4722 1160 4774 serpeus
1181 4712 1377 4761 sinuosa
1404 4710 1643 4760 volumina
1672 4714 1862 4772 versat,

648 4773 971 4838 Arrectisque
986 4774 1159 4823 horret
1180 4773 1399 4839 squamis
1421 4781 1474 4824 et
1494 4774 1658 4823 sibilat
1680 4786 1771 4823 ore

647 4836 844 4886 Arduus
867 4838 1147 4900 insurgens,

556 4944 769 5001 Servari
800 4952 973 5013 potest
999 4944 1203 5014 optime
1225 4941 1440 5014 vutgata
1464 4941 1644 5010 lectio,
1672 4956 1793 5006 cum
1820 4940 2147 5011 praescrtim,

553 5018 691 5075 sicut
736 5018 786 5075 in
817 5015 1128 5087 virgilianis
1156 5014 1261 5072 iltis
1290 5014 1553 5085 exemptis
1581 5028 1739 5076 verus
1783 5013 1917 5074 ordo
1959 5013 2154 5076 verbo-

552 5105 671 5150 rum
700 5099 784 5145 est
806 5129 822 5152 ,
869 5088 1135 5160 insurqeus
1161 5089 1337 5152 altior,
1369 5088 1636 5158 insurgens
1659 5084 1875 5167 arduus,
1908 5085 1982 5168 ita
2012 5102 2152 5157 quo·

552 5179 656 5234 que
683 5163 736 5220 in
760 5171 945 5219 nostro
973 5160 1095 5215 loco
1122 5173 1230 5215 non
1256 5158 1323 5215 de
1350 5160 1539 5216 morbo
1556 5172 1731 5229 gravi,
1760 5171 1937 5228 eoque
1965 5173 2150 5218 insur-

551 5243 712 5304 gente
739 5242 926 5304 agatur
952 5250 968 5286 ε
998 5230 1093 5288 sed
1123 5230 1192 5287 de
1236 5230 1426 5288 morbo
1472 5232 1782 5300 insurgente
1818 5227 1999 5299 gravi,
2044 5226 2152 5284 hoc

551 5316 654 5368 cst,
685 5308 773 5375 qui
806 5321 837 5361 e
867 5304 992 5370 levi,
1024 5301 1164 5372 quod
1198 5310 1314 5359 erat
1344 5301 1510 5370 prius,
1540 5300 1805 5364 evadebat
1835 5297 2037 5367 gravis.

626 5377 989 5446 Quodcumque
1015 5374 1123 5444 (vel
1152 5371 1487 5446 quocumque)
1523 5390 1577 5430 se
1606 5370 1765 5442 premi
1806 5368 2018 5426 uideret.
2047 5367 2149 5425 llic

550 5450 709 5506 cubat
740 5448 1012 5503 utiendum.
1035 5443 1691 5510 Acria—Quodcumque.
1714 5441 1858 5511 Lego
1892 5458 1906 5495 :
1940 5450 2144 5500 utcum-

548 5536 661 5591 que.
689 5519 866 5578 Editio
894 5517 1068 5573 Oxou.
1095 5515 1221 5570 anui
1253 5515 1634 5585 mim—Lego
1664 5530 1678 5566 ε
1711 5512 1826 5580 Quo
1851 5522 2140 5594 utcumque.

551 5593 729 5648 b'ditio
771 5590 946 5645 Oxou.
995 5586 1122 5642 anni
1183 5584 1318 5641 1684
1342 5625 1357 5649 ,
1387 5596 1443 5643 et
1466 5584 1694 5645 cantab.
1729 5593 1848 5654 post
1876 5583 2044 5641 tltam.
2072 5613 2146 5627 --

554 5663 919 5730 Quodcumque
962 5674 1035 5713 se.
1081 5657 1222 5726 Lege
1249 5675 1263 5709 ι
1298 5655 1411 5722 Quo
1439 5673 1555 5715 cum
1587 5674 1660 5713 se.
1690 5653 2041 5720 Gonoussws.
2070 5687 2142 5698 —-

552 5733 791 5791 Emeuda
822 5749 837 5784 :
869 5731 981 5795 Quo
1007 5745 1125 5788 cunt
1149 5744 1236 5789 so.
1267 5727 1356 5786 vel
1386 5727 1499 5795 Quo
1521 5737 1790 5797 utcumque
1810 5744 1897 5792 sc,
1929 5744 2051 5784 nam
2081 5732 2142 5788 τὸ

556 5800 671 5867 Quo
696 5797 1033 5857 retinendum
1055 5809 1158 5857 cst.
1184 5798 1555 5857 Bonzmcws.
1587 5797 2135 5864 Gaea—Quodcum-

2179 4553 2233 4616 Ι)

2268 3217 2630 3273 vicennalium
2660 3218 2907 3285 labente;
2942 3221 3037 3277 sed
3062 3221 3173 3294 jam
3201 3222 3414 3293 elapso,
3448 3223 3722 3289 dedicavit,
3748 3219 3831 3278 ista

2268 3287 2567 3345 doctissimi
2593 3290 2736 3363 Pagii
2754 3292 3058 3348 observatio
3082 3292 3161 3348 sic
3181 3293 3314 3348 satis
3385 3295 3615 3352 ertinet:
3649 3291 3827 3348 ‹Ther-

2268 3374 2391 3423 mac,
2423 3362 2639 3433 tempta,
2690 3374 2850 3434 atque
2880 3363 2983 3418 alia
3024 3379 3189 3435 opera
3238 3365 3352 3435 pub
3378 3368 3461 3421 ica
3510 3366 3632 3436 quin
3672 3362 3829 3419 ueunii

2270 3430 2422 3486 initio
2450 3431 2517 3487 de
2541 3447 2692 3489 more
2721 3434 3129 3499 inchoabantur,
3153 3444 3361 3508 {eoque
3390 3437 3602 3506 expleto
3680 3433 3834 3489 edica·-

2269 3500 2484 3571 bantur,
2513 3514 2571 3559 ut
2593 3504 2777 3563 multis
2801 3506 3065 3578 exemplis
3090 3506 3276 3581 liquet.
3299 3538 3379 3548 —
3403 3526 3423 3564 »
3458 3507 3684 3581 Replcto.
3709 3505 3834 3562 Pru:-

2266 3570 2458 3644 l'crant,
2488 3576 2705 3643 expleto.
2739 3574 2956 3633 Tollius.

2338 3646 2424 3700 Ιια
2454 3647 2699 3719 ιιιηριιονε
2726 3665 3016 3722 oppressus.
3047 3650 3250 3725 Supple
3299 3660 3401 3721 est,
3439 3666 3508 3709 ex
3552 3648 3833 3724 praeceden-

2264 3715 2430 3772 tibus.
2466 3718 2841 3777 notmannis.

2338 3787 2444 3844 Per
2464 3807 2637 3847 ouines
2689 3793 2828 3850 deos.
2879 3792 2934 3852 ld
2966 3801 3069 3862 est,
3102 3808 3198 3865 per
3226 3796 3416 3855 omnia
3448 3794 3643 3869 templa
3671 3804 3832 3867 preces

2263 3859 2329 3915 ad
2362 3860 2492 3917 deos
2516 3864 2788 3933 supplices
2810 3864 3184 3921 funderentur.
3224 3866 3360 3924 Vide
3390 3868 3615 3925 Sueton.
3645 3877 3696 3923 et
3718 3864 3829 3920 Plu·

2265 3932 2508 3988 tarebum
2550 3934 2620 3989 de
2647 3935 2891 4007 Pompeii
2933 3937 3146 4004 morbo,
3192 3948 3360 4009 atque
3417 3938 3544 3996 item
3576 3934 3826 3994 Velleiutn.

2261 4000 2467 4059 Eadem
2511 4005 2696 4077 pbrasi
2740 4008 2909 4063 utitur
2943 4008 3253 4064 Lactantius
3289 4023 3414 4083 cap.
3444 4011 3553 4069 56:
3588 4009 3683 4079 Qui
3705 4016 3831 4061 etso-

2260 4074 2458 4144 crificia
2482 4093 2572 4149 per
2601 4094 2774 4134 ontues
2813 4080 2933 4134 deos
2960 4096 3078 4135 suos
3115 4081 3343 4146 quotidie
3374 4086 3639 4152 [acercuu
3667 4078 3713 4136 id
3740 4085 3828 4144 est,

2261 4146 2315 4201 iu
2339 4148 2587 4203 omnibus
2614 4149 2850 4222 templis.
2881 4150 3210 4210 Tottttts.-
3233 4151 3360 4208 Mitti
3385 4169 3619 4224 quoquo,
3643 4168 3725 4223 per
3740 4164 3832 4204 om·

2260 4233 2346 4272 nes
2377 4218 2517 4285 deos,
2549 4221 2600 4283 ln
2635 4230 2862 4293 utroque
2885 4222 3024 4290 loco,
3055 4232 3108 4285 et
3135 4241 3225 4294 per
3250 4224 3425 4279 omnia
3453 4223 3637 4296 templa
3665 4225 3713 4277 in
3740 4219 3827 4274 isto

2258 4290 2541 4359 capitis15
2566 4309 2579 4347 :
2607 4290 2639 4347 J
2649 4292 2820 4349 udices
2845 4311 2934 4364 per
2960 4295 3133 4350 omnio
3178 4296 3371 4365 templa
3399 4294 3635 4367 dispersi,
3664 4290 3830 4347 eodem

2258 4362 2805 4494 {cdeuttt3bejttsmodi
2830 4366 3039 4423 scilicet
3069 4364 3258 4438 figura,
3310 4382 3419 4439 qua
3450 4365 3503 4423 in
3529 4366 3613 4426 bis
3641 4362 3831 4423 nartia-

2282 4446 2325 4489 ts
2369 4449 2512 4491 verst
2558 4450 2666 4492 us:

2383 4549 2508 4611 Quid
2534 4551 2666 4615 petis
2680 4562 2710 4602 a
2731 4550 2941 4614 Pboebo,
2962 4551 3196 4603 Nummos
3218 4552 3370 4604 habet
3393 4564 3511 4605 arca
3532 4551 3765 4612 nnuma»,

2443 4612 2563 4665 Haec
2584 4615 2729 4679 sapit,
2754 4615 2859 4667 haec
2879 4629 3054 4667 omues
3076 4616 3290 4667 soenerat
3311 4627 3414 4666 uua
3435 4617 3576 4666 deos.

2261 4721 2365 4777 Per
2403 4738 2577 4777 omnes
2605 4721 2746 4787 deos,
2776 4723 2852 4778 uti
2898 4738 3125 4795 magnus
3152 4722 3365 4779 monuit
3419 4720 3733 4781 Gronovius,
3760 4717 3829 4797 itt-

2263 4794 2548 4866 telligenda
2600 4796 2832 4849 omnium
2878 4796 3029 4849 deum
3072 4794 3242 4860 dotto,
3291 4793 3581 4865 sapientia,
3617 4788 3830 4865 pulchri·

2261 4865 2413 4932 tud0,
2445 4868 2707 4936 potentia,
2734 4864 2988 4935 denique,
3021 4879 3376 4937 quaecumque
3403 4866 3493 4921 alii
3519 4864 3591 4920 dii
3615 4862 3736 4942 dare
3753 4857 3827 4936 dt·

2259 4948 2490 5004 cuntur;
2521 4947 2577 4997 et
2625 4938 2835 5007 singula
2883 4940 3121 5009 soenerat,
3166 4937 3221 4994 id
3249 4947 3354 5003 est,
3400 4936 3629 5004 confert,
3659 4928 3824 5013 tributi

2259 5024 2361 5066 una
2380 5026 2502 5065 arca
2525 5008 2790 5068 Mineruio.
2816 5009 2905 5066 Sic
2928 5024 3072 5077 nunc
3091 5009 3273 5081 igitur,
3303 5007 3415 5065 imo
3461 5004 3662 5088 meliori
3701 5013 3825 5080 jure,

2257 5097 2434 5138 omnes
2484 5080 2556 5135 dii
2605 5083 2785 5139 omnia
2836 5088 2962 5138 suut
3012 5081 3209 5152 templa
3252 5080 3503 5136 deorum.
3543 5076 3691 5136 Ratio
3733 5079 3822 5139 est,

2256 5152 2401 5226 quod
2428 5152 2670 5228 quotidie
2692 5170 2800 5213 non
2827 5152 3084 5211 dissimili
3115 5161 3276 5225 pacto
3304 5151 3586 5212 innumera
3614 5148 3824 5203 Sancto-

2256 5240 2375 5280 rum
2420 5224 2664 5288 nomina,
2693 5224 2839 5281 verbi
2925 5226 3083 5293 ratia,
3131 5225 3384 5282 Sanctum
3429 5220 3698 5285 loannem,
3738 5225 3823 5295 pro

2257 5296 2457 5365 templo
2495 5297 2553 5352 S.
2584 5296 2842 5361 Joattttis;
2922 5309 3126 5354 aviciam
3177 5294 3426 5363 Mariam,
3515 5308 3573 5350 ro
3617 5288 3822 5347 ecdem

2254 5367 2314 5424 S.
2348 5367 2554 5451 Mariae,
2597 5376 2654 5424 et
2681 5366 2762 5423 sic
2786 5367 2853 5424 de
2880 5367 3137 5438 reliquis;
3172 5367 3280 5425 imo
3314 5376 3371 5421 ct
3398 5367 3450 5422 in
3531 5373 3727 5420 eterum
3752 5355 3823 5410 lu·

2254 5439 2664 5495 cubrationtbus
2688 5442 2900 5515 Μαρίαμ
2926 5439 3194 5509 Θεοτόκον,
3224 5445 3277 5493 at
3316 5453 3387 5495 ue
3427 5437 3589 5518 etiam
3613 5433 3665 5490 in
3692 5440 3818 5512 {¹⁰5⁰

2254 5509 2622 5579 Testamenta,
2652 5513 2947 5569 secundum
2981 5511 3200 5568 criticos
3225 5524 3285 5565 ce
3308 5508 3562 5569 eberrimt
3585 5511 3815 5560 uomitus,

2251 5583 2339 5639 τὸν
2364 5585 2477 5649 Δία,
2509 5598 2608 5652 pro
2640 5582 2884 5639 Ecclesia
2916 5582 3097 5638 Maria}
3128 5581 3389 5650 Deiparae,
3417 5587 3474 5635 ct
3517 5573 3707 5645 tempto
3737 5566 3816 5630 Jo-

2250 5654 2332 5712 vis
2354 5654 2605 5724 usurpari
2630 5653 2930 5710 videamus.
2959 5652 3197 5725 cyrillus
3217 5652 3268 5707 iu
3289 5650 3516 5721 epistola
3542 5648 3605 5703 ad
3622 5644 3812 5730 Cleffflffl

2249 5724 2617 5809 populumque
2640 5725 3064 5784 Alexandrinum
3092 5742 3107 5780 ε
3137 5721 3269 5782 ''tc-tc
3296 5726 3485 5794 τοίνυν,
3509 5720 3584 5778 ὅτι
3601 5737 3721 5773 κατα
3736 5729 3812 5767 τι»

2246 5793 2428 5864 cydonio
2454 5799 2541 5852 καὶ
2565 5795 2744 5853 εἰκάδα
2771 5803 2865 5854 τοῦ
2892 5799 3046 5855 lta-oui
3071 5797 3256 5868 μηνὸς,
3293 5796 3325 5853 ἦ
3360 5794 3486 5867 ἁγία
3517 5784 3715 5851 chundo?
3741 5780 3812 5857 ’β’
