4142 6184
297 260 367 319 ¹⁰7⁹
720 246 989 321 dispulsulottus
1008 240 1220 304 ammarum·
1237 241 1272 300 ΙΝ
1285 238 1535 304 messanum*
1845 245 1901 310 qm

299 382 380 438 basse
391 378 500 451 Moysen
510 418 519 444 ,
531 383 559 433 et
572 372 640 430 alios
650 371 780 444 quosdam
794 383 887 425 sacros
896 375 972 422 rates
986 371 1096 420 nostros
1108 360 1137 424 A
1148 359 1196 415 illa
1211 359 1321 417 raamias
1331 359 1473 431 appellari.
1487 358 1557 414 Ante
1580 365 1715 429 utmmqua
1734 373 1794 416 vera
1804 360 1903 422 laeuam

301 471 395 544 grecis
409 465 590 538 scriptoribus
605 463 686 520 luisse
700 460 875 532 antiquiores,
894 471 925 513 aa
937 455 1018 526 laage
1030 459 1094 508 ante
1146 464 1260 524 martyr.
1275 451 1422 525 Tryphone
1436 450 1548 507 minime
1563 458 1731 521 repugnante,
1745 453 1813 523 plura
1826 469 1903 513 exoa·

204 539 209 566 ¹
298 562 445 619 humanata
455 557 555 615 Christi
565 554 772 618 ortamuisisse,
781 563 898 620 suosque
909 544 1095 628 composuisse
1145 540 1434 598 demiibrorerbasie
1448 540 1547 609 reiart,
1561 543 1667 599 ἀπὸτοῦ
1684 543 1905 616 βιὸλίωίισοῦ,α

297 655 394 722 libros,
409 667 441 709 ac
457 666 521 709 aera
535 647 683 706 reddidisse
698 643 817 702 anaema.
1145 634 1297 702 libauisse,
1312 636 1373 691 sire
1386 635 1480 692 lastae.

1181 730 1261 789 Aliud
1275 740 1364 788 tamen
1379 731 1460 801 bariae
1474 730 1611 802 propbeta
1633 738 1710 787 anter
1729 730 1805 789 luisse
1827 748 1905 793 nomm

1037 878 1044 891 ,
1145 822 1301 879 Lactantius
1314 823 1441 879 observat
1455 839 1478 878 ar
1493 818 1545 889 Qui
1567 835 1627 877 cum
1641 824 1760 891 primam,
1770 822 1854 894 inquit,
1865 825 1907 884 la·

296 902 417 962 Debitio
428 893 669 971 milifolium
683 891 726 962 qui
736 889 849 963 ΨΜ
857 884 949 949 Μ’·
960 896 991 936 ⁰⁶
1002 877 1095 935 dum
1145 929 1190 971 ses
1206 922 1359 978 vocaretur,
1375 912 1464 970 iioses
1489 911 1579 969 lutura
1592 912 1769 983 praesentiens,
1781 913 1851 984 iussit
1859 929 1905 974 eau

331 998 412 1055 ³⁰⁸¹&
422 1006 459 1052 ²⁸2
472 992 682 1066 ⁶⁰dl¹⁰l¹l⁵l¹⁰l³l⁸s
698 987 730 1043 αθ
744 983 816 1039 Μή*
831 981 947 1052 Riimr
961 991 1006 1031 ⁸³¹⁸
1018 972 1095 1028 Μ’
1145 1004 1235 1062 uocari
1247 1004 1351 1063 lasona.
1369 1023 1380 1058 a
1395 1005 1481 1073 Quam
1504 1004 1614 1076 quidem
1638 1005 1750 1062 nominis
1761 1008 1907 1068 mutationem

333 1094 397 1156 liora.
409 1091 441 1147 de
455 1089 525 1143 librili
538 1085 630 1142 ΜΨ
641 1100 673 1138 ⁰⁶
689 1077 831 1154 N‘hel'ifoe·
1145 1097 1218 1153 baud
1226 1098 1312 1155 semel
1321 1097 1443 1154 lustinus
1451 1095 1680 1171 martyr(1astin..
1689 1077 1906 1177 malmendren.)

332 1205 373 1264 Ad
387 1219 419 1261 ea
434 1218 494 1276 quaa
507 1198 664 1257 Lactantius
678 1195 808 1266 (bactani.
829 1189 875 1246 lib.
887 1204 925 1257 ro,
943 1203 1001 1259 cap.
1018 1184 1046 1255 5)
1060 1182 1095 1239 de
1145 1191 1247 1262 aliique
1265 1189 1473 1247 adnotaverunt.
1493 1189 1547 1248 Sed
1565 1190 1801 1259 praetermittendus
1821 1208 1865 1249 non
1877 1205 1908 1253 est

293 1294 455 1370 quibusdam
473 1291 573 1348 veteris
584 1289 700 1358 narique
714 1282 882 1341 Testamenti
901 1279 976 1336 libris
990 1289 1095 1332 mento·
1145 1282 1329 1340 Tertullianus
1342 1281 1520 1352 (renuidem,
1536 1283 1557 1337 l.
1566 1282 1756 1340 arrestata.
1769 1283 1851 1352 c.b,et
1860 1286 1875 1341 l.
1885 1302 1907 1345 ιιι

295 1394 343 1449 pitu
358 1387 506 1452 maundarit,
521 1392 551 1440 ut
563 1382 719 1446 ueniamus,
733 1378 880 1433 obseruare
890 1373 966 1443 iuuat
984 1369 1093 1440 Moysen
1144 1374 1247 1430 adres.
1259 1373 1400 1442 Marciam,
1414 1390 1439 1429 ο.
1454 1372 1518 1448 id),
1538 1374 1615 1445 cajus
1638 1373 1665 1430 in
1680 1375 1792 1446 uestigiis
1807 1375 1909 1436 institisse

294 1486 329 1540 alr
341 1498 375 1539 eo
387 1496 441 1537 raon
451 1479 538 1535 salum
558 1476 718 1549 propnetam
735 1470 838 1534 vocari,
858 1466 995 1523 sedilium
1010 1462 1093 1518 etiarn
1145 1477 1240 1524 auctor
1251 1467 1470 1525 nosteraidetar.
1481 1467 1657 1525 ltaeaimilie
1668 1485 1692 1525 :a
1706 1468 1770 1524 ilum
1780 1469 1852 1544 liaysi
1861 1487 1908 1528 suc·

294 1555 389 1643 luisse,
401 1572 445 1629 cui
459 1560 876 1643 priuatasaplurlmislocasinter
888 1557 1036 1620 caedatur,
1048 1552 1094 1624 (tui
1144 1573 1240 1617 cessar
1268 1558 1451 1616 destinaretur
1472 1559 1561 1617 Auses
1575 1602 1583 1626 ,
1598 1559 1668 1616 lilius
1681 1558 1766 1628 liare,
1780 1561 1909 1620 transfertur

294 1668 329 1722 de
349 1655 514 1736 territoribus
535 1657 779 1717 commentationes
800 1651 952 1709 ediderunt.
966 1649 1002 1704 At
1013 1660 1092 1718 quos,
1144 1662 1218 1708 certe
1231 1650 1266 1709 de
1279 1652 1366 1723 prima
1378 1652 1500 1720 nomino,
1516 1659 1545 1709 et
1571 1652 1666 1724 incipit
1678 1652 1765 1709 vacari
1777 1652 1854 1710 iesm.
1864 1672 1872 1707 a
1884 1654 1910 1711 bt

295 1774 344 1815 ora
360 1770 396 1822 le,
409 1757 515 1830 lloyses
527 1754 562 1812 de
580 1752 746 1824 temporibus
761 1747 844 1804 libros
857 1742 1020 1816 composuit,
1041 1737 1093 1794 nisi
1109 1743 1133 1804 B
1146 1740 1173 1797 id
1185 1741 1275 1799 adbuc
1299 1742 1362 1799 alibi
1389 1744 1499 1814 repetit,
1515 1752 1597 1814 atque
1610 1744 1637 1799 in
1651 1750 1761 1815 utroque
1773 1743 1907 1814 losadaeet,

293 1845 430 1910 Cenaeum,
447 1840 569 1913 aliosque
585 1838 635 1908 ipsi
648 1836 726 1908 rrdgo
739 1830 906 1903 adscriptos?
1145 1836 1373 1908 quemadmodum
1395 1838 1560 1903 Lactantius,
1579 1838 1652 1894 lrunc
1665 1837 1755 1896 iesum
1775 1842 1825 1896 sire
1844 1840 1907 1898 luae

331 1938 365 1994 Et
385 1945 460 1993 certe
473 1934 637 2007 Cypriarmm
655 1930 725 1987 baad
746 1928 827 1985 dabie
848 1925 976 1991 imitatus,
994 1921 1093 1978 Nurac·
1145 1925 1230 1984 inisse
1243 1927 1308 1984 lesu
1331 1929 1431 1986 Claristi
1453 1929 1654 2000 beornmodus
1677 1937 1761 1987 autem
1773 1931 1805 1986 ab
1824 1931 1869 1989 illis
1884 1934 1911 1990 ds

589 791 737 838 tuttcbttls
756 791 793 831 lv.

294 2047 387 2088 raram
401 2030 498 2085 librum
520 2029 545 2084 ei
566 2025 725 2083 tranianum
737 2019 868 2078 attribuit.
885 2018 992 2090 iioyses
1003 2015 1092 2082 anim,
1145 2017 1233 2075 Auses
1254 2019 1364 2076 naariae
1382 2020 1519 2089 dicuntur,
1536 2022 1595 2076 iraea
1608 2020 1747 2093 desumpta
1767 2032 1823 2080 aaut
1834 2023 1913 2081 erup.

294 2126 333 2182 ait
347 2125 408 2191 ille,
427 2124 454 2178 in
474 2121 620 2177 b'uaneris:
636 2117 698 2174 Noa
717 2117 792 2188 quasi
807 2116 883 2169 baara
897 2111 1024 2167 baneam
1039 2125 1096 2165 aas·
1147 2125 1285 2166 merorum
1302 2110 1381 2176 libro,
1399 2112 1443 2168 ubi
1457 2110 1517 2169 baec
1530 2113 1614 2168 rerba
1625 2112 1699 2184 juxta
1708 2111 1796 2169 txxll
1806 2118 1913 2186 interpre-

300 2220 430 2293 pcnditur,
444 2215 608 2287 nequaquan
618 2213 688 2282 plius
698 2210 809 2266 bortrinis
819 2209 902 2263 rniaas
911 2205 1017 2279 patiar.
1029 2201 1096 2271 Qum
1147 2201 1275 2258 tationem
1293 2201 1409 2273 legimus
1426 2221 1432 2258 :
1449 2208 1496 2261 sul
1513 2205 1665 2277 inanima
1683 2214 1789 2267 ιοωῡσῆς
1799 2206 1835 2264 τοι
1847 2209 1912 2274 liri,

298 2310 406 2382 quidem
419 2304 699 2378 contestabimur
710 2318 742 2359 ea
755 2299 997 2358 LXliliseniorum
1012 2297 1096 2351 inter-
1145 2295 1199 2350 aias
1226 2298 1314 2363 baad,
1340 2295 1445 2358 'iareim
1474 2296 1508 2352 Et
1534 2297 1721 2369 eaqaominaait
1750 2297 1837 2370 Μαι
1851 2299 1913 2367 Am,

295 2402 452 2472 pretatione
465 2409 579 2469 uterque
594 2394 773 2465 transcripsit.
793 2392 863 2461 Quin
881 2389 961 2446 etiam
980 2387 1096 2443 Lactan·
1146 2385 1229 2455 filium
1240 2385 1604 2462 naae‚leam.1amtqaaa
1630 2406 1696 2448 rero
1709 2390 1831 2448 babetur:
1846 2390 1912 2447 iace

297 2493 351 2550 tiras
365 2492 506 2564 ipsiusmet
516 2490 617 2562 lioysis
630 2487 741 2544 naariae
752 2483 835 2541 rerba
857 2481 991 2548 Balaarai,
1005 2479 1032 2534 in
1046 2492 1094 2534 eo·
1146 2477 1327 2548 clausores,
1344 2481 1427 2551 filiurn
1452 2480 1527 2548 Nun,
1550 2481 1776 2556 iaauelliumer„
1797 2498 1848 2551 aar,
1869 2484 1912 2556 ll).

297 2588 360 2646 dem
384 2585 562 2642 Numerarem
585 2581 654 2637 libra
677 2578 830 2648 descripta,
846 2578 918 2631 bunc
937 2574 964 2629 in
985 2571 1096 2628 modum
1146 2573 1227 2631 Plura
1241 2576 1264 2631 si
1279 2573 1356 2643 reiis,
1366 2578 1425 2650 lege
1436 2578 1580 2636 Eusebium
1591 2578 1739 2652 (Emel.‚l.
1752 2576 1914 2645 rulime.

296 2679 406 2736 citauit:
422 2676 525 2748 Moyses
554 2676 583 2729 in
614 2670 737 2728 Nonacria
771 2669 809 2723 ita
841 2666 976 2737 loquitur:
993 2662 1097 2718 Orielar
1148 2668 1307 2743 man901‚‚p
1324 2669 1441 2743 mquq
1464 2670 1915 2744 pmhwdmdispmffie,

297 2772 373 2830 atella
385 2786 417 2827 ea
428 2767 522 2824 iacob.
538 2766 609 2822 biait
621 2765 712 2835 itaque
722 2761 825 2835 lloqser
835 2758 959 2829 loquitur,
970 2771 1024 2812 non
1038 2755 1098 2813 suis
1148 2775 1279 2834 ranymus
1292 2770 1382 2819 tamen
1403 2764 1546 2821 contendit
1568 2764 1643 2822 maie
1655 2765 1682 2822 in
1700 2765 1790 2838 grecis
1802 2774 1828 2821 et
1845 2761 1916 2819 lauris

298 2957 396 3014 librum
407 2955 479 3012 bunc
491 2952 634 3015 scriberet,
648 2958 775 3007 accurate
789 2944 891 3003 retulit.
1147 2948 1177 3004 ia
1191 2965 1215 3003 c.
1230 2963 1250 3017 r,
1266 2949 1292 3017 l,
1309 2947 1396 3023 Osee),
1410 2951 1483 3021 quod
1499 2949 1566 3007 nillil
1589 2949 1734 3022 significat,
1758 2948 1804 3007 sed
1819 2947 1917 3007 amita

335 3047 648 3119 Deuteronomiiqooque
663 3044 761 3100 libram
776 3039 814 3096 iili
825 3048 959 3110 tamquam
970 3051 1035 3093 aero
1051 3049 1099 3106 ge·
1148 3041 1213 3098 dum
1228 3041 1305 3111 Osee,
1318 3043 1390 3115 quad
1404 3043 1476 3101 idem
1492 3052 1571 3100 sonat
1581 3059 1615 3100 ac
1627 3043 1753 3101 salrator.

298 3142 436 3213 nuinoque
456 3139 515 3211 ejus
532 3137 636 3209 parenti
650 3134 734 3191 seracl
753 3143 833 3205 atque
846 3132 942 3188 iterurn
962 3127 1097 3185 vendicat.
1112 3128 1135 3192 C
1187 3132 1314 3201 Quaedam
1327 3143 1460 3205 preterea
1470 3134 1629 3192 Lactantius
1643 3132 1881 3206 transcripsitreaba
1891 3147 1917 3189 tx

302 3232 390 3299 naut,
412 3246 521 3303 queso,
545 3243 624 3298 quam
652 3224 844 3281 adseveranter
870 3222 897 3278 id
924 3219 1101 3276 aibrmnrerit
1150 3222 1227 3280 libris
1237 3224 1340 3296 Regum
1353 3224 1498 3300 (Memno,
1514 3228 1534 3282 l.
1546 3243 1626 3294 ιω.
1642 3227 1700 3301 lt),
1710 3227 1803 3300 primo,
1814 3224 1918 3289 secanda,

300 3322 401 3396 (bart,
414 3321 496 3386 itia„
511 3336 569 3392 cap.
585 3318 629 3389 ll)
643 3335 650 3373 z
666 3336 676 3370 ι
694 3314 747 3372 Sed
760 3321 789 3371 ct
801 3314 859 3385 ipse
868 3311 975 3383 Moyses
978 3350 1061 3369 .......
1073 3310 1100 3365 in
1151 3330 1183 3372 aa
1205 3317 1296 3382 tertio,
1308 3317 1354 3388 qui
1376 3319 1403 3373 in
1426 3318 1547 3389 pluribus
1570 3334 1687 3392 operum
1702 3320 1773 3376 iilius
1785 3317 1919 3377 editioribus

302 3413 511 3470 Deuteronomio
533 3411 662 3483 scriptum
688 3408 795 3481 reliquit
811 3425 818 3462 ι
833 3405 868 3462 Et
889 3405 955 3461 dixit
975 3402 1100 3459 Dominus
1151 3408 1393 3477 precessoribus,
1409 3409 1436 3464 in
1462 3408 1568 3466 duobus
1592 3409 1788 3483 anitiquiaribas
1812 3406 1917 3481 reqiabi·

300 3507 336 3561 ad
362 3522 402 3561 me
415 3522 425 3561 .-
440 3503 598 3577 Prapiaetam
624 3499 739 3557 exulabo
764 3499 800 3555 eia
814 3497 825 3571 i
840 3497 994 3564 beatorem,
1024 3510 1099 3562 sarar,
1152 3499 1295 3559 bliotiaece
1309 3501 1448 3560 codicibus
1460 3503 1819 3577 manuscriptis,eteditioae
1832 3512 1918 3558 musas

301 3597 359 3669 15).
379 3615 389 3652 s
413 3597 445 3653 Et
461 3611 567 3653 rursum
590 3595 669 3666 paulo
690 3603 750 3665 post
772 3590 870 3666 (baca,
884 3589 959 3662 ibid.)
977 3607 1009 3647 :a
1033 3588 1100 3645 item
1151 3593 1236 3650 latino
1257 3595 1416 3653 charactere
1434 3594 1562 3661 Raetias,
1577 3612 1593 3652 a
1606 3594 1745 3669 Cypriane
1768 3605 1848 3651 auten
1860 3591 1919 3647 basi·

300 3690 408 3762 lioyses
422 3689 498 3760 ipse:
512 3686 547 3743 la
559 3686 702 3742 nouissimis
720 3684 808 3740 diebus
825 3682 989 3739 circuareidet
1007 3679 1101 3737 Danai·
1152 3685 1230 3751 leon,
1246 3700 1278 3741 ae
1294 3687 1369 3757 prius
1383 3701 1399 3742 a
1414 3685 1580 3744 Tertulliano
1592 3686 1753 3744 bustarum
1770 3695 1798 3744 et
1817 3683 1919 3741 amia·

301 3780 618 3839 carcassonensibus
629 3773 1102 3851 quaque:sapertiuslpselloyscs
1151 3794 1221 3843 rana,
1249 3778 1308 3836 siae
1330 3780 1420 3851 potius
1443 3781 1618 3838 basilaeorum
1644 3782 1797 3838 nominibus
1817 3781 1917 3837 duam.

302 3877 330 3931 ia
346 3873 553 3930 Deuteronomio
564 3873 600 3929 ita
615 3871 769 3942 predicavit
781 3887 788 3926 :
802 3869 835 3926 iit
849 3871 897 3926 erit
916 3870 1030 3944 pendens
1050 3870 1102 3925 aira
1152 3869 1239 3926 Porro
1259 3881 1350 3929 autern
1374 3871 1432 3929 baec
1459 3871 1585 3930 duximus
1606 3871 1920 3942 animadverteadnquo·

302 3976 362 4022 nate
375 3967 463 4021 oculas
477 3975 534 4021 tuas
547 3963 709 4036 (Drusonem,
732 3979 800 4030 ιιι,
814 3963 852 4037 6).
873 3982 884 4018 r
1153 3962 1224 4018 triam
1239 3963 1265 4019 in
1278 3964 1359 4034 regiis
1374 3963 1503 4021 librorum
1521 3964 1654 4022 Lactaatii
1669 3963 1849 4036 manuscriptis
1862 3958 1919 4017 rodi·

339 4058 424 4130 lioysl
438 4058 528 4128 itaque
540 4055 610 4112 bunc
623 4055 732 4123 librum,
748 4056 855 4112 etalios
868 4054 919 4126 ipsi
938 4054 1100 4128 adscriptas,
1153 4056 1229 4112 cibus
1248 4056 1328 4113 citata
1346 4075 1360 4111 a
1379 4056 1519 4114 Lactantio
1539 4056 1696 4116 Craecorum
1720 4050 1921 4115 auctoranrubt

302 4151 531 4225 quemadmodum
557 4150 726 4224 Cyprianus,
747 4165 780 4205 ac
802 4150 895 4207 aeteri
919 4150 1101 4221 anitiquissiuri
1152 4165 1253 4221 graece,
1269 4150 1374 4221 atijam
1389 4150 1516 4217 diximus,
1539 4150 1677 4222 descripta
1690 4161 1761 4208 sunt
1775 4150 1825 4206 Cur
1835 4161 1888 4218 erqo
1901 4152 1922 4199 et

303 4245 432 4303 Ecclesiae
445 4245 550 4313 Patres,
565 4243 636 4301 lraud
650 4244 806 4302 dubitanter
819 4243 953 4302 attribuit.
968 4245 1034 4311 Quis
1049 4244 1101 4316 iqi-
1153 4243 1206 4300 boc
1219 4245 1328 4302 unicum
1344 4245 1456 4301 verbum
1481 4243 1597 4300 Basilica
1609 4245 1707 4315 qraecis
1719 4244 1837 4300 similiter
1847 4236 1923 4295 titteris

304 4348 349 4395 tur
363 4352 441 4409 equo
455 4338 547 4393 animo
561 4339 630 4394 ierat
643 4337 827 4394 recentiorum
841 4339 1034 4394 nonnullorum
1054 4353 1103 4393 au·
1153 4345 1292 4393 exaratum
1322 4352 1377 4391 aaa
1397 4336 1469 4393 laiti
1483 4335 1543 4391 Non
1557 4336 1609 4391 alia
1625 4335 1719 4407 procul
1733 4335 1811 4391 dubia
1822 4331 1881 4389 ratio
1891 4328 1923 4383 ri·

302 4430 419 4499 daciara,
434 4432 480 4503 qui
495 4442 593 4505 negant
608 4431 728 4505 staysam
741 4441 788 4487 aut
801 4429 898 4487 borum
913 4431 1043 4488 librorum
1061 4441 1103 4489 to·
1154 4430 1246 4497 detur,
1259 4431 1310 4486 nisi
1323 4432 1386 4503 quia
1401 4430 1503 4487 librarii
1524 4429 1589 4486 illud
1604 4429 1642 4485 ita
1655 4430 1683 4486 in
1696 4427 1925 4501 antiquioribosca·

304 4531 358 4588 tius
372 4530 565 4596 Pentateucbi,
580 4538 626 4586 aut
646 4528 770 4586 maximae
790 4529 899 4585 iliorum
919 4529 1003 4600 partis
1018 4528 1101 4587 luisse
1114 4517 1142 4580 l)
1153 4525 1258 4582 dinibus
1272 4525 1403 4594 scripturn
1416 4532 1587 4593 repererunt.
1603 4525 1797 4583 Utrnmantern
1806 4514 1924 4582 usuali,

302 4620 459 4678 auctorem?
472 4620 526 4677 Sed
540 4634 634 4677 eoram
650 4620 772 4676 insanam
786 4620 964 4678 temeritatem
978 4620 1042 4677 alibi
1056 4636 1101 4678 rc·
1151 4615 1281 4688 Cypriani
1293 4625 1320 4673 et
1330 4614 1490 4672 Tertulliani
1503 4627 1583 4673 aetatc
1597 4617 1634 4673 ita
1647 4615 1674 4673 bi
1691 4615 1791 4688 Regum
1800 4604 1926 4668 libricitari

304 4711 434 4771 tudimua.
1152 4722 1185 4763 ac
1192 4706 1378 4778 cognominari
1391 4707 1472 4780 uulgo
1496 4708 1627 4780 solerent,
1643 4706 1791 4781 expendar,
1813 4701 1926 4768 adimes

340 4782 441 4839 Eodem
455 4780 537 4853 piane
560 4780 641 4838 modo
653 4779 810 4837 Lactantius
820 4781 916 4838 librum
930 4782 1004 4838 illum
1019 4782 1102 4840 Josue
1153 4799 1322 4871 pronaque&

302 4876 422 4935 idssssfflll
434 4874 561 4946 (bact.,l.
576 4890 614 4943 Νι
626 4892 650 4930 0·
665 4872 804 4947 mallem
815 4875 925 4932 ¹¹⁰ml¹¹0
934 4875 993 4947 ‘1¹¹⁵
1007 4876 1103 4933 inscii·
1190 4892 1305 4950 Dubium
1322 4902 1412 4950 autem
1428 4892 1539 4952 minime
1551 4894 1659 4952 ridetur
1670 4893 1736 4966 quin
1752 4895 1925 4951 auctoraasler

301 4978 377 5044 ptum
389 4969 530 5027 babemus.
545 4968 610 5025 Post
617 4967 717 5041 Moysis
726 4967 860 5040 siquidem
870 4970 965 5038 rerba,
977 4971 1102 5042 prorirne
1154 4985 1298 5061 (pam,
1310 4987 1330 5044 ι,
1341 5004 1379 5053 Ν,
1390 5005 1415 5043 0,
1430 4988 1473 5060 13)
1486 4989 1512 5044 q„
1525 5001 1576 5044 guo
1590 5004 1731 5046 mmmm
1744 4987 1878 5044 35qu
1889 4993 1926 5037 ω.

304 5061 910 5134 anobiscitata,sicilleprosequitur:aitem
925 5062 1099 5133 lasaslisrc,
1151 5077 1212 5135 (1500
1233 5078 1330 5149 regem
1354 5095 1408 5136 110„
1430 5079 1519 5136 ,opum
1542 5094 1643 5139 nome„
1673 5080 1786 5148 Em,
1809 5075 1925 5150 mam

302 5171 446 5214 comessor
458 5156 517 5227 ejus
532 5154 585 5211 :Et
596 5155 660 5211 dicit
674 5152 802 5212 Dominus
820 5154 855 5210 ad
863 5154 974 5211 icauna:
989 5155 1044 5210 l‘ar
1056 5157 1101 5212 tili
1151 5168 1212 5241 ejus
1227 5169 1308 5238 prm,
1319 5170 1368 5227 sep
1387 5169 1446 5227 qaec
1458 5171 1541 5228 epam
1554 5172 1636 5228 verb„
1651 5192 1658 5226 2
1676 5171 1735 5228 ttae
1749 5169 1840 5242 ,mm
1850 5166 1924 5224 sp„

302 5248 714 5319 caritelloapetrinasaimisacutor
724 5245 905 5320 (domenii).
918 5249 1099 5306 »Dataaatem
1151 5270 1201 5328 ιιι,
1218 5270 1284 5329 erc„
1304 5277 1363 5319 με
1377 5265 1548 5335 transcripta,
1564 5279 1625 5336 qum
1637 5263 1671 5321 (ιθ
1684 5264 1803 5331 chrisio,
1815 5269 1843 5317 qa
1859 5270 1924 5329 supra

300 5341 1101 5418 optil'b,lbiililclornosierildjecillilcceltdrejildMoysi-‘mlle
1150 5352 1278 5422 vidimus,
1294 5354 1364 5412 dicta
1379 5357 1629 5414 esseerigfimavst,
1654 5357 1767 5414 Applibi
1789 5365 1870 5411 tamen
1887 5349 1925 5406 ob·

299 5458 352 5517 qua
365 5451 438 5499 esset
449 5442 476 5498 ia
486 5442 557 5497 illius
570 5440 680 5496 nornine
689 5440 859 5511 ambiguitas.
873 5438 1025 5510 Cyprianus
1035 5453 1100 5495 nero
1150 5458 1287 5505 menarum
1301 5464 1316 5503 a
1330 5449 1408 5506 nabis
1421 5448 1472 5506 leit
1483 5450 1590 5508 lustina
1601 5451 1712 5524 martyri
1722 5461 1868 5522 persuasum
1878 5457 1924 5498 an·

300 5534 447 5609 (Carrei-¹
462 5530 788 5604 adl·1bdoe·258)ebdem
801 5531 883 5588 verbi
894 5531 932 5586 ¹¹³
945 5531 1044 5588 eliasib
1057 5531 1098 5590 ¹0·
1149 5541 1215 5598 niam
1231 5541 1314 5598 inisse
1340 5541 1398 5598 lasea
1420 5542 1478 5614 ipsa
1499 5544 1589 5599 omnia
1611 5542 1705 5600 issara
1725 5541 1802 5598 rerba
1816 5555 1847 5596 ex
1859 5547 1923 5592 scra

297 5631 388 5702 qitur:
399 5628 441 5682 lta
450 5627 521 5698 apud
534 5624 626 5682 lesum
639 5624 721 5681 Noae.
731 5626 784 5683 Sed
800 5625 828 5681 in
840 5623 1098 5696 superioriartieulo
1149 5642 1223 5690 textu
1239 5634 1365 5692 aludaets
1379 5646 1515 5708 amputare
1529 5636 1623 5694 tuisse,
1637 5640 1671 5694 pa
1681 5635 1717 5693 pe
1730 5636 1763 5693 tie
1787 5630 1872 5708 procul
1882 5629 1922 5685 da·

292 5720 411 5780 uidimus
425 5718 635 5779 buaaenuadem
661 5718 761 5791 ttaysts
779 5732 965 5779 successorem
980 5728 1096 5792 utroque
1146 5724 1193 5785 bio
1215 5727 1315 5786 ludaeis
1338 5727 1462 5788 lustinus
1486 5729 1665 5802 loquebatur,
1692 5729 1741 5802 qul
1764 5725 1877 5789 eandm
1895 5730 1920 5776 ⁸⁶
